@string {acpd={Atmos. Chem. Phys. Discuss.}} 
@string {acp={Atmos. Chem. Phys.}}
@string {asl={Atmos. Sci. Lett.}}
@string {jas={J. Atmos. Sci.}}
@string {qj={Q. J. R. Meteorol. Soc.}} 
@string {jc={J. Climate}}
@string {jfm={J. Fluid Mech.}}
@string {jac={J. Atmos. Chem.}}
@string {jam={Journal of Applied Meteorology}}
@string {jpo={Journal of Physical Oceanography}}
@string {tel={Tellus}}
@string {atenv={Atmos. Environ.}}
@string {bams={Bull. Am. Meteorol. Soc.}}
@string {mwr={Mon. Weather Rev.}}
@string {grl={Geophys. Res. Lett.}}
@string {jgr={J. Geophys. Res.}}
@string {rsl={Proc. R. Soc. Lond. A}}
@string {physf={Phys. Fluids}}
@string {physflet={Phys. Fluids Letters}}
@string {japsoc={J. Meteorol. Soc. Japan}}
@string {wf={Weather and Forecasting}}

@article{Vallis:86,
	author = {Geoffrey K. Vallis },
	title = {El Ni\~{n}o: A Chaotic Dynamical System?},
	journal = {Science},
	volume = {232},
	number = {4747},
	pages = {243-245},
	year = {1986},
	doi = {10.1126/science.232.4747.243},
	URL = {https://www.science.org/doi/abs/10.1126/science.232.4747.243},
	abstract = { Most of the principal qualitative features of the El Niño—Southern Oscillation phenomenon can be explained by a simple but physically motivated theory. These features are the occurrence of sea-surface warmings in the eastern equatorial Pacific and the associated trade wind reversal; the aperiodicity of these events; the preferred onset time with respect to the seasonal cycle; and the much weaker events in the Atlantic and Indian oceans. The theory, in its simplest form, is a conceptual model for the interaction of just three variables, namely near-surface temperatures in the east and west equatorial ocean and a wind-driven current advecting the temperature field. For a large range of parameters, the model is naturally chaotic and aperiodically produces El Niño—like events. For a smaller basin, representing a smaller ocean, the events are proportionally less intense. }
}

@article{Timmerman-ENSO-18,
	abstract = {El Ni{\~n}o events are characterized by surface warming of the tropical Pacific Ocean and weakening of equatorial trade winds that occur every few years. Such conditions are accompanied by changes in atmospheric and oceanic circulation, affecting global climate, marine and terrestrial ecosystems, fisheries and human activities. The alternation of warm El Ni{\~n}o and cold La Ni{\~n}a conditions, referred to as the El Ni{\~n}o--Southern Oscillation (ENSO), represents the strongest year-to-year fluctuation of the global climate system. Here we provide a synopsis of our current understanding of the spatio-temporal complexity of this important climate mode and its influence on the Earth system.},
	author = {Timmermann, Axel and An, Soon-Il and Kug, Jong-Seong and Jin, Fei-Fei and Cai, Wenju and Capotondi, Antonietta and Cobb, Kim M. and Lengaigne, Matthieu and McPhaden, Michael J. and Stuecker, Malte F. and Stein, Karl and Wittenberg, Andrew T. and Yun, Kyung-Sook and Bayr, Tobias and Chen, Han-Ching and Chikamoto, Yoshimitsu and Dewitte, Boris and Dommenget, Dietmar and Grothe, Pamela and Guilyardi, Eric and Ham, Yoo-Geun and Hayashi, Michiya and Ineson, Sarah and Kang, Daehyun and Kim, Sunyong and Kim, WonMoo and Lee, June-Yi and Li, Tim and Luo, Jing-Jia and McGregor, Shayne and Planton, Yann and Power, Scott and Rashid, Harun and Ren, Hong-Li and Santoso, Agus and Takahashi, Ken and Todd, Alexander and Wang, Guomin and Wang, Guojian and Xie, Ruihuang and Yang, Woo-Hyun and Yeh, Sang-Wook and Yoon, Jinho and Zeller, Elke and Zhang, Xuebin},
	da = {2018/07/01},
	date-added = {2022-01-12 20:03:27 +0000},
	date-modified = {2022-01-12 20:05:41 +0000},
	doi = {10.1038/s41586-018-0252-6},
	id = {Timmermann2018},
	journal = {Nature},
	number = {7715},
	pages = {535--545},
	title = {El Ni\~{n}o--Southern Oscillation complexity},
	ty = {JOUR},
	url = {https://doi.org/10.1038/s41586-018-0252-6},
	volume = {559},
	year = {2018},
	Bdsk-Url-1 = {https://doi.org/10.1038/s41586-018-0252-6}}

@article{adamson:05,
title={Boundary layer friction in mid-latitude cyclones},
author={Adamson,DS and Belcher,SE and Hoskins,BJ and Plant,RS},
year={2005},
journal=qj,
volume={},
pages={submitted}}

@article{agusti:05,
title={Numerical modelling study of boundary-layer ventilation by a cold front over {E}urope},
author={Agusti-Panareda,A and Gray,SL and Methven,J},
year={2005},
journal=jgr,
volume={110},
pages={D18304, doi:10.1029/2004JD005555}}

@techreport{agusti:08, 
title={{ECMWF}'s Contribution to {AMMA}}, 
author={Agusti-Panareda,A and Beljaars,A}, 
year={2008},
type={{ECMWF} {N}ewsletter 115},
pages={19-27},
institution={European Centre for Medium Range Forecasting}}

@article{ahmadi:04,
title={The dynamics of a mid-latitude cyclone with very strong 
latent-heat release}, 
author={Ahmadi-Givi,F and Craig,GC and Plant,RS},
year={2004},
journal=qj,
volume={130},
pages={295-323}}

@article{allan:00,
title={Evaluation of simulated clear-sky longwave radiation using 
ground-based observations},
author={Allan,RP},
year={2000},
journal=jc,
volume={13},
pages={1951-1964}}

@article{allan:02,
title={Diagnostic analysis of atmospheric moisture and clear-sky radiative
feedback in the {H}adley {C}entre and {G}eophysical {F}luid {D}ynamics 
{L}aboratory climate models},
author={Allan,RP and Ramaswamy,V and Slingo,A},
year={2002},
journal=jgr,
volume={107(D17)},
pages={4329,doi:10.1029/2001JD001131}}

@article{alexakis:05,
title={The imprint of large-scale flows on turbulence},
author={Alexakis,A and Mininni,P and Pouquet,A},
year={2005},
journal={Phys.Rev.Lett.},
volume={95},
pages={264503}}

@phdthesis{ambaum:phd,
title={Large-scale dynamics of the tropopause},
author={Ambaum,M},
year={1997},
school={Technical University of Eindhoven}}

@article{ambaum:97,
title={Isentropic formation of the tropopause},
author={Ambaum,M},
year={1997},
journal=jas,
volume={54},
pages={555-568}}

@article{ambaum:v:95,
title={Orography in a contour dynamics model of large-scale atmospheric 
flow}, 
author={Ambaum,M and Verkley,WTM},
year={1995},
journal=jas,
volume={52},
pages={2643-2662}}

@article{amezcua:11,
title={The effects of the {RAW} filter on the climatology and forecast skill of the {SPEEDY} model},
author={Amezcua,J and Kalnay,E and Williams,PD},
year={2011},
journal=mwr,
volume={139},
pages={608-619}}

@incollection{amma,
title={African {M}onsoon {M}ultidisciplinary {A}nalysis {P}ress {R}eport: {R}esults and {P}rospects},
author={AMMA},
year={2007},
editor={},
booktitle={},
publisher={A{M}{M}{A} {P}roject {Office}},
pages={1-25}}

@article{anderson:06,
title={Behaviour of tracer diffusion in simple atmospheric boundary layer models},
author={Anderson,PS},
year={2006},
journal=acpd,
volume={6},
pages={13111-13138}}

@article{andrews:83a,
title={A conservation law for small-amplitude quasi-geostrophic
		  disturbances on a zonally asymmetric flow},
author={Andrews,DG},
year={1983},
journal=jas,
volume={40},
pages={85-90}}

@article{andrews:83b,
title={A finite-amplitude {E}liassen-{P}alm theorem in isentropic 
coordinates},
author={Andrews,DG},
year={1983},
journal=jas,
volume={40},
pages={1877-1883}}

@article{andrews:m:76,
title={Planetary waves in horizontal and vertical shear: {T}he generalized
{E}liassen-{P}alm relation and the mean zonal acceleration},
author={Andrews,DG and McIntyre,ME},
year={1976},
journal=jas,
volume={33},
pages={2031-2048}}

@article{andrews:m:78a,
title={An exact theory of nonlinear waves on a {L}agrangian-mean flow},
author={Andrews,DG and McIntyre,ME},
year={1978},
journal=jfm,
volume={89},
pages={609-646}}

@article{andrews:m:78b,
title={On wave-action and its relatives},
author={Andrews,DG and McIntyre,ME},
year={1978},
journal=jfm,
volume={89},
pages={647-664}}

@book{AHL,
title={Middle atmosphere dynamics},
author={Andrews,DG and Holton,JR and Leovy,CB},
year={1987},
publisher={Academic Press},
note={489 pp}}

@book{Durran-book,
	title={Numerical Methods for Fluid Dynamics},
	author={Durran, D.R.},
	year={2010},
	publisher={Springer-Verlag},
	note={516 pp}}

@book{Haltiner-Williams-book,
	title={Numerical Prediction and Dynamic Meteorology},
	author={G. J. Haltiner and R. T. Williams},
	year={1980},
	publisher={Wyley},
	note={2nd Edn, 477p}}

@book{Pielke-book,
	title={Mesoscale Numerical Modelling},
	author={Pielke, R.A.},
	year={2013},
	publisher={Elsevier Science},
	note={3rd Edition, 726pp}}

@book{Gleick-book,
	title={Chaos: Making a New Science},
	author={Gleick, J.},
	year={1998},
	publisher={Penguin},
	note={352pp}}

@book{Lorenz-book,
	title={The Essence of Chaos},
author={Lorenz, E.N.},
year={1993},
publisher={University of Washington Press},
note={227pp}}

@book{Randall-notes,
	title={Notes on Atmospheric Modelling ATS604},
	author={Randall, D.},
	year={2023},
	publisher={CSU},
	note={http://hogback.atmos.colostate.edu/group/dave/at604.html}}

@article{app:96,
title={Fragmentation of stratospheric intrusions},
author={Appenzeller,C and Davies,HC and Norton,WA},
year={1996},
journal=jgr,
volume={101(D1)},
pages={1435-1456}}

@article{aref:84,
title={Stirring by chaotic advection},
author={Aref,H},
year={1984},
journal=jfm,
volume={143},
pages={1-21}}

@article{armi:flam,
title={Cautionary remarks on the spectral interpretation of turbulent
		  flows}, 
author={Armi,L and Flament,P},
year={1985},
journal=jgr,
volume={90(C6)},
pages={11779-11882}}

@article{arnold:04,
title={Photodissociation of acetone: {A}tmospheric implications of
temperature-dependent quantum yields},
author={Arnold,SR and Chipperfield,MP and Blitz,MA and Heard,DE 
and Pilling,MJ},
year={2004},
journal=grl,
volume={31},
pages={L07110, doi:10.1029/2003GL019099}}

@article{arnold:07,
title={Statistical inference of {OH} concentrations and air mass dilution 
rates from successive observations of non-methane hydrocarbons in single 
air masses},
author={Arnold,SR and Methven,J and Evans,MJ and Chipperfield,MP and Lewis,AC and Hopkins,J and McQuaid,JB and Watson,NM and Purvis,RM and Lee,JD and Atlas,EL and Blake,DR and Rappengl\"{u}ck,B},
year={2007},
journal=jgr,
volume={112},
pages={D10S40, doi:10.1029/2006JD007594}}

@incollection{geo4,
title={Water},
author={Arthurton,R and Barker,S and Rast,W and Huber,M},
year={2007},
editor={Schomaker,M and Keating,M and Chenje,M},
booktitle={4th {G}lobal {E}nvironment {O}utlook: {E}nvironment for {D}evelopment. {978-92-807-2836-1}},
publisher={United Nations Environment Programme},
pages={115-157}}

@article{austin:97,
title={Sensitivity of ozone and temperature to vertical resolution
in a {GCM} with coupled stratospheric chemistry},
author={Austin,J and Butchart,N and Swinbank,R},
year={1997},
journal=qj,
volume={},
pages={}}

@article{badger:01,
title={Simple initial value problems and mechanisms for baroclinic growth},
author={Badger,J and Hoskins,BJ},
year={2001},
journal=jas,
volume={58},
pages={38-49}}

@article{baker:13,
title={Idealised simulations of sting-jet cyclones},
author={Baker,LH and Gray,SL and Clark,PA},
year={2013},
journal=qj,
volume={},
pages={Early View}}

@article{bala:g:97,
title={The role of momentum fluxes in shaping the life cycle of a 
baroclinic wave},
author={Balasubramanian,G and Garner,ST},
year={1997},
journal=jas,
volume={54},
pages={510-533}}

@article{baldwin:99,
title={Downward propagation of the Arctic Oscillation from the stratosphere to the troposphere},
author={Baldwin,MP and Dunkerton,TJ},
year={1999},
journal=jgr,
volume={104},
pages={30,937-30,946}}

@article{balluch:haynes,
title={Quantification of lower stratospheric mixing processes using
		  aircraft data},
author={Balluch,MG and Haynes,PH},
year={1997},
journal=jgr,
volume={102},
pages={23487-23504}}

@article{bannister:04,
title={The role of the {S}.{E}. {A}sian {M}onsoon and other seasonal features
in creating the 'tape-recorder' signal in the {U}nified {M}odel},
author={Bannister,RN and O'Neill,AO and Gregory,AR and Nissen,KM},
year={2004},
journal=qj,
volume={130},
pages={}}

@article{bartello:00,
title={Using low-resolution winds to deduce fine structure in tracers},
author={Bartello,P},
year={2000},
journal={Atmos.-Ocean},
volume={38},
pages={303-320}}

@article{batchelor:59,
title={Small-scale variation of convected quantities like temperature
		  in turbulent fluid. {P}art {I}: {G}eneral discussion
		  and the case of small conductivity},
author={Batchelor,GK},
year={1959},
journal=jfm,
volume={5},
pages={113-133}}

@book{batchelor:book,
title={An introduction to fluid dynamics},
author={Batchelor,G}, 
year={1967},
publisher={Cambridge University Press}}
		
@article{bates:98,
title={International {G}lobal {A}tmospheric {C}hemistry ({IGAC}) {P}roject's
first {A}erosol {C}haracterisation {E}xperiment ({ACE}-1): {O}verview},
author={Bates,TS and Huebert,BJ and Gras,JL and Griffiths,FB and Durkee,PA},
year={1998},
journal=jgr,
volume={103},
pages={16297-16318}}

@article{bates:j:01,
title={Trends in upper-tropospheric humidity},
author={Bates, JJ and Jackson, DL},
year={2001},
journal=grl,
volume={28},
pages={1695-1698}}

@article{beare:cullen:10,
title={A semi-geostrophic model incorporating well-mixed boundary layers},
author={Beare,RJ and Cullen,MJP},
year={2010},
journal=qj,
volume={136},
pages={906-917}}

@article{beckers:93,
title={Stability of a {FBTCS} scheme applied to the propagation of shallow-water inertia-gravity waves on various grids},
author={Beckers,J and Deleersnijder,E},
year={1993}, 
journal={J. Computational Phys.},
volume={108}, 
pages={95-104}}

@incollection{beljaars:02,
title={Parameterisation of physical processes: {T}urbulence and mixing},
author={Beljaars, A},
year={2002},
editor={Holton,J and Pyle,J and Curry,J},
booktitle={Encyclopaedia of Atmospheric Sciences},
publisher={Academic Press},
pages={1705-1717}}

@article{benedict:04,
title={Synoptic view of the {N}orth {A}tlantic {O}scillation},
author={Benedict,JJ and Lee,S and Feldstein,SB},
year={2004}, 
journal=jas,
volume={61}, 
pages={121-144}}

@article{bennetts:79,
title={Conditional symmetrical instability - a possible explanation
		  for frontal rainbands},
author={Bennetts,DA and Hoskins,BJ},
year={1979},
journal=qj,
volume={105},
pages={945-962}}

@article{berntsen:00,
title={Time evolution of tropospheric ozone and its radiative forcing},
author={Berntsen,TK and Myhre,G and Stordal,F and Isaksen,ISA},
year={2000},
journal=jgr,
volume={105(D7)},
pages={8915-8930}}

@article{berry:05,
title={Case Study of an Intense {A}frican {E}asterly {W}ave},
author={Berry,GJ and Thorncroft,C},
year={2005},
journal=mwr,
volume={133},
pages={752-766}}

@article{berry:09,
title={Intercomparison of {A}frican easterly wave in operational numerical weather prediction systems},
author={Berry,GJ and Thorncroft,CD and Agusti-Panareda,A and Heming,J and Lafore,J-P and Thaw,W},
year={2009},
journal={Weather and Forecasting},
volume={133},
pages={in review}}

@article{bethan:98,
title={Chemical air mass differences near fronts},
author={Bethan,S and Vaughan,G and Gerbig,C and Volz-Thomas,A and Richer,H
and Tiddeman,DA},
year={1998},
journal=jgr,
volume={103(D11)},
pages={13413-13434}}

@article{berrisford:10,
title={Atmospheric conservation properties in {ERA}-{I}nterim}, 
author={Berrisford,P and Kallberg,P and Kobayashi,S and Dee,D and Uppala,S and Simmons,AJ and Poli,P},
year={2010},
journal={},
volume={},
pages={}}

@article{betts:90,
title={Greenhouse warming and the tropical water vapour budget},
author={Betts,AK},
year={1990},
journal=bams,
volume={71},
pages={1465-1467}}

@article{biasutti:08,
title={{SST} Forcings and {S}ahel Rainfall Variability in Simulations of the {T}wentieth and {T}wenty-{F}irst {C}enturies},
author={Biasutti,M and Held,IM and Sobel,AH and Giannini,A},
year={2008},
journal=jc,
volume={21},
pages={3471-3486}}

@book{biggs:87, 
title={Student approaches to learning and studying},
author={Biggs,J}, 
year={1987}, 
publisher={Australian Council for
Higher Educational Research, Hawthorn, Victoria}}

@book{biggs:moore:93, 
title={The process of learning},
author={Biggs,J and Moore,P}, 
year={1993}, 
publisher={Prentice-Hall, New York}}

@article{bird:97,
title={Observations of ozone structures in the {A}rctic polar vortex},
author={Bird,JC and Pal,SR and Carswell,AI and Donovan,DP and Manney,GL
and Harris,JM and Uchino,O},
year={1997},
journal=jgr,
volume={102(D9)},
pages={10785-10800}}

@article{bishop:93b,
title={On the behaviour of baroclinic waves undergoing horizontal deformation.
{P}art 2: {E}rror bound amplification and {R}ossby wave diagnostics},
author={Bishop,CH},
year={1993},
journal=qj,
volume={119},
pages={241-268}}

@article{bishop:t:1,
title={Frontal wave stability during moist deformation
		  frontogenesis. {P}art {I}: linear wave dynamics},
author={Bishop,C and Thorpe,A},
year={1994},
journal=jas,
volume={51},
pages={852-873}}

@article{bishop:t:2,
title={Frontal wave stability during moist deformation
		  frontogenesis. {P}art {II}: the suppression of
		  nonlinear wave development},
author={Bishop,C and Thorpe,A},
year={1994},
journal=jas,
volume={51},
pages={874-888}}

@article{bithell:99,
title={Persistence of stratospheric ozone layers in the troposphere},
author={Bithell,M and Vaughan,G and Gray,LJ},
year={1999},
journal=atenv,
volume={34},
pages={2563-2570}}

@article{bjerknes:s:22,
title={Life cycle of cyclones and the polar front theory of atmospheric circulation},
author={Bjerknes,J and Solberg,H},
year={1922},
journal={Geofys. Publ.},
volume={3},
pages={1, 1-18}}

@article{bjerknes:69,
title={Atmospheric teleconnections from the equatorial Pacific},
author={Bjerknes,J},
year={1969},
journal=mwr,
volume={97},
pages={163-172}}

@article{black:04,
title={Factors contributing to the summer 2003 {E}uropean heatwave},
author={Black, E and Blackburn, M and Harrison, G and Hoskins, BJ and 
Methven, J},
year={2004},
journal={Weather},
volume={59},
pages={217-223}}

@article{blackburn:02,
title={Atmospheric variability and extreme autumn rainfall in the {UK}},
author={Blackburn,M and Hoskins,BJ},
year={2002},
journal=qj,
volume={to be submitted},
pages={}}

@book{bloom:56,
title={Taxonomy of educational objectives handbook {I}: {C}ognitive domain},
author={Bloom,B},
year={1956},
publisher={McGraw-Hill, New York}}

@article{bloss:05,
title={The oxidative capacity of the troposphere: {C}oupling of field measurements of {OH} and a global chemistry transport model},
author={Bloss,WJ and Evans,MJ and Lee,JD and Sommariva,R and Heard,DE and Pilling,MJ},
year={2005},
journal={Faraday Discuss.},
volume={130},
pages={425-436}}

@article{board:99,
title={Chemical characteristics of air from differing source regions during 
{PEM-T}ropics {A}},
author={Board,AS and Fuelberg,HE and Gregory,GL and Heikes,BG and 
Schultz,MG and Blake,DR and Dibb,JE and Sandholm,ST and Talbot,RW}, 
year={1999},
journal=jgr,
volume={104},
pages={16181-16196}}

@article{boer:83,
title={Homogeneous and isotropic turbulence on the sphere},
author={Boer,GJ},
year={1983},
journal=jas,
volume={40},
pages={154-163}}

@article{boer:s,
title={Large-scale 2-{D} turbulence in the atmosphere},
author={Boer,GJ and Shepherd,TG},
year={1983},
journal=jas,
volume={40},
pages={164-184}}

@article{boer:95,
title={Some dynamical consequences of greenhouse gas warming},
author={Boer,GJ},
year={1995},
journal={Atmosphere-Ocean},
volume={33},
pages={731-751}}

@article{boettcher:11,
title={Life cycle study of a diabatic {R}ossby wave as a precursor to rapid cyclogenesis in the {N}orth {A}tlantic - {D}ynamics and forecast performance},
author={Boettcher,M and Wernli,H},
year={2011},
journal=mwr,
volume={139},
pages={1861-1878}}

@article{boettcher:13,
title={A 10-yr climatology of diabatic {R}ossby waves in the {N}orthern {H}emisphere},
author={Boettcher,M and Wernli,H},
year={2013},
journal=mwr,
volume={141},
pages={1139-1154}}

@article{bolton:80,
title={The computation of equivalent potential temperature},
author={Bolton,D},
year={1980},
journal=mwr,
volume={108},
pages={1046-1053}}

@article{bonazzola:04,
title={A trajectory-based study of the tropical tropopause region},
author={Bonazzola,M and Haynes,PH},
year={2004},
journal=jgr,
volume={109},
pages={D20112, doi:10.1029/2003JD004356}}

@article{bony:05,
title={On the Role of Moist Processes in Tropical Intraseasonal Variability: Cloud-radiation and moisture-convection feedbacks},
author={Bony,S and Emanuel,KA},
year={2005},
journal=jas,
volume={62},
pages={2770-2789}}

@article{bourke:72,
title={An efficient one-level primitive equation spectral model},
author={Bourke,W},
year={1972},
journal=mwr,
volume={100},
pages={683-689}}

@article{bourke:74,
title={A multi-level spectral model. {F}ormulation and hemispheric
		  integrations}, 
author={Bourke,W},
year={1974},
journal=mwr,
volume={102},
pages={687-701}}

@article{boutle:11,
title={Moisture transport in midlatitude cyclones},
author={Boutle,IA and Belcher,SE and Plant,RS},
year={2011},
journal=qj,
volume={137},
pages={360-373}}

@article{bowman:mangus,
title={Observations of deformation and mixing of the total ozone field
		  in the antarctic polar vortex},
author={Bowman,KP and Mangus,NJ},
year={1993},
journal=jas,
volume={50},
pages={2915-2921}}

@article{bowman:93,
title={Design and analysis of numerical experiments},
author={Bowman,KP and Sacks,J and Chang,Y-F},
year={1993},
journal=jas,
volume={50},
pages={1267-1278}}

@article{bowman:c:94,
title={Mixing by barotropic instability in a nonlinear model},
author={Bowman,KP and Chen,P},
year={1994},
journal=jas,
volume={51},
pages={3692-3705}}

@article{boyd:83,
title={The continuous spectrum of linear {C}ouette flow with the beta effect},
author={Boyd,JP},
year={1983},
journal=jas,
volume={40},
pages={2304-2308}}

@article{branstator:87,
title={A striking example of the atmosphere's leading traveling pattern},
author={Branstator,G},
year={1987},
journal=jas,
volume={44},
pages={2310-2323}}

@article{bratseth:98,
title={On the estimation of transport characteristics of atmospheric 
data sets},
author={Bratseth,AM},
year={1998},
journal=tel,
volume={50A},
pages={451-467}}

@article{bratseth:01,
title={Eddy acceleration of the mean flow in the atmosphere},
author={Bratseth,AM},
year={2001},
journal=jas,
volume={58},
pages={3328-3339}}

@article{bratseth:03,
title={Zonal-mean transport characteristics of {ECMWF} re-analysis data},
author={Bratseth,AM},
year={2003},
journal=qj,
volume={129},
pages={2331-2346}}

@article{braun:06,
title={High-resolution simulation of {H}urricane {B}onnie (1998). {P}art {I}: {T}he organization of eyewall vertical motion},
author={Braun,SA and Montgomery,MT and Pu,Z},
year={2006},
journal=jas,
volume={63},
pages={19-42}}

@article{breth:66,
title={{C}ritical layer instability in baroclinic flows},
author={Bretherton,FP},
year={1966},
journal=qj,
volume={92},
pages={325-334}}

@article{breth:crw,
title={Baroclinic instability and the short wavelength cut-off in terms of
potential vorticity},
author={Bretherton,FP},
year={1966},
journal=qj,
volume={92},
pages={335-345}}

@incollection{brough:00,
title={{NO}x and {NO}y measurements in {M}aximum {O}xidation {R}ates in the 
{F}ree {T}roposphere ({MAXOX})},
author={Brough,N},
year={2000},
editor={Hov,O},
booktitle={{MAXOX} final report. {ENV4-CT97-0525}},
publisher={European Commission, Brussels, Belgium},
pages={21-23}}

@article{browell:87,
title={Tropopause fold structure determined from airborne lidar and
		  in situ measurements},
author={Browell,EV and Danielsen,EF and Ismail,S and Gregory,GL and
		  Beck,SM},
year={1987},
journal=jgr,
volume={92(D2)},
pages={2112-2120}}

@article{browning:71,
title={Radar measurements of air motion near fronts},
author={Browning,KA},
year={1971},
journal={Weather},
volume={26},
pages={320-340}}

@incollection{browning:90, 
title={Organization of clouds and
precipitation in extratropical cyclones}, 
author={Browning,KA},
year={1990}, 
booktitle={Extratropical {C}yclones - {T}he {E}rik
{P}almen {M}emorial {V}olume}, 
publisher={Am. Met. Soc.},
pages={129-153}}

@article{browning:04,
title={The sting at the end of the tail: Damaging winds associated with extratropical cyclones},
author={Browning,KA},
year={2004},
journal=qj,
volume={130},
pages={375-399}}

@article{browning:monk,
title={A simple model for the synoptic analysis of cold fronts},
author={Browning,KA and Monk,GA},
year={1982},
journal=qj,
volume={108},
pages={435-452}}

@article{browning:94,
title={Structure of a frontal cyclone},
author={Browning,KA and Roberts,NM},
year={1994},
journal=qj,
volume={120},
pages={1535-1557}}

@article{brunet:94,
title={Empirical normal mode analysis of atmospheric data},
author={Brunet,G},
year={1994},
journal=jas,
volume={51},
pages={932-952}}

@article{brunet:v:96,
title={Empirical normal modes versus empirical orthogonal functions
for statistical prediction},
author={Brunet,G and Vautard,R},
year={1996},
journal=jas,
volume={53},
pages={3468-3489}}

@article{brunet:96,
title={Low-latitude reflection of {R}ossby wave trains},
author={Brunet,G and Haynes,PH},
year={1996},
journal=jas,
volume={53},
pages={482-496}}

@article{buhler:99,
title={Constraints on the mean mass transport across potential vorticity 
contours},
author={B\"{u}hler,O and Haynes,PH},
year={1999},
journal=jas,
volume={56},
pages={942-947}}

@book{buhler:09,
title={Waves and mean flows},
author={B\"{u}hler,O},
year={2009},
publisher={Cambridge University Press},
note={341pp}}

@article{buizza:08,
title={Potential use of an ensemble of analyses in the {ECMWF} ensemble prediction system},
author={Buizza,R  and Leutbecher,M and Isaksen,L},
year={2008},
journal=qj,
volume={134},
pages={2051-2066}}

@article{burger:62,
title={On the non-existence of critical wavelengths in a continuous
		  baroclinic stability problem},
author={Burger,AP},
year={1962},
journal=jas,
volume={19},
pages={31-48}}

@article{bush:peltier,
title={Tropopause folds and synoptic-scale baroclinic wave life
		  cycles}, 
author={Bush,AB and Peltier,WR},
year={1994},
journal=jas,
volume={51},
pages={1581-1604}}

@article{b:m:p:96,
title={The formation of oceanic eddies in symmetric and asymmetric
		  jets. {P}art {II}: {L}ate time evolution and
		  coherent vortex formation.}, 
author={Bush,AB and McWilliams,J and Peltier,WR},
year={1996},
journal=jpo,
volume={26},
pages={1825-1848}}

@article{butchart:r:86,
title={The area of the stratospheric polar vortex as a diagnostic for tracer
transport on an isentropic surface},
author={Butchart,N and Remsberg,EE},
year={1986},
journal=jas,
volume={43},
pages={1319-1339}}

@article{butchart:s:01,
title={Removal of chlorofluorocarbons by increased mass exchange between the 
stratosphere and troposphere in a changing climate},
author={Butchart,N and Scaife,AA},
year={2001},
journal={Nature},
volume={410},
pages={799-802}}

@article{cao:cho,
title={Generation of moist {PV} in extratropical cyclones},
author={Cao,Z and Cho,H-R},
year={1995},
journal=jas,
volume={52},
pages={3263-}}

@article{cape:00,
title={The use  of trajectory cluster analysis to interpret trace gas
		  measurements at {M}ace {H}ead, {I}reland},
author={Cape,JN and Methven,J and Hudson,LE},
year={2000},
journal=atenv,
volume={34},
pages={3651-3663}}

@article{carnell:senior,
title={Changes in mid-latitude variability due to increasing greenhouse gases and sulphate aerosols},
author={Carnell,RE and Senior,CA},
year={1998},
journal={Climate Dyn.},
volume={14},
pages={369-383}}

@article{cattiaux:10,
title={Winter 2010 in {E}urope: {A} cold extreme in a warming climate},
author={Cattiaux,J and Vautard,R and Cassou,C and Yiou,P and Masson-Delmotte,V and Codron,F},
year={2010},
journal=grl,
volume={37, L20704},
pages={doi:10.1029/2010GL044613}}

@article{cau:05,
title={Representation of dry tropical layers and their origins 
in {ERA}-40 data},
author={Cau,P and Methven,J and Hoskins,BJ},
year={2005},
journal=jgr,
volume={110, D06110},
pages={doi:10.1029/2004JD004928}}

@article{cau:07,
title={Origins of dry air in the Tropics and Subtropics},
author={Cau,P and Methven,J and Hoskins,BJ},
year={2007},
journal=jc,
volume={20},
pages={2745-2759}}

@article{cavallo:12,
title={Radiative impact on tropopause polar vortices over the {A}rctic},
author={Cavallo,SM and Hakim,GJ},
year={2012},
journal=mwr,
volume={},
pages={}}

@article{chagnon:09,
title={Horizontal potential vorticity dipoles on the convective storm scale},
author={Chagnon,JM and Gray,SL},
year={2009},
journal=qj,
volume={},
pages={submitted}}

@article{chagnon:13,
title={Diabatic processes modifying {PV} in a {N}orth {A}tlantic cyclone},
author={Chagnon,JM and Gray,SL and Methven,J},
year={2013},
journal=qj,
volume={},
pages={doi:10.1002/qj.2037}}

@article{chang:92,
title={Resonating neutral modes of the {E}ady model},
author={Chang,EKM},
year={1992},
journal=jas,
volume={49},
pages={2452-2463}}

@article{perez:09,
title={The impact of resolution on ship plume simulations with {NO}x chemistry},
author={Charlton-Perez,CL and Evans,MJ and Marsham,JH and Esler,JG},
year={2009},
journal=acp,
volume={9},
pages={7505-7518}}

@article{charney:47,
title={The dynamics of long waves in a baroclinic westerly current},
author={Charney,JG},
year={1947},
journal={J.Meteorol.},
volume={4},
pages={135-163}}

@article{charney:71,
title={Geostrophic turbulence},
author={Charney,JG},
year={1971},
journal=jas,
volume={28},
pages={1087-1095}}

@article{charney:d:61,
title={Propagation of planetary-scale disturbances from the lower into the upper atmosphere},
author={Charney,JG and Stern,ME},
year={1961},
journal=jgr,
volume={66},
pages={83-110}}

@article{charney:s:62,
title={On the stability of internal baroclinic jets in a rotating 
atmosphere},
author={Charney,JG and Stern,ME},
year={1962},
journal=jas,
volume={19},
pages={159-172}}

@article{charney:devore,
title={Multiple flow equilibria in the atmosphere and blocking},
author={Charney,JG and DeVore,JG},
year={1979},
journal=jas,
volume={36},
pages={1205-1216}}

@article{chen:03,
title={Hopf bifurcation in quasi-geostrophic channel flow},
author={Chen,Z-M and Ghil,M and Simonnet,E and Wang,S},
year={2003},
journal={SIAM J. Appl. Math.},
volume={64},
pages={343-368}}

@article{cho:koshyk,
title={Dynamics of frontal discontinuities in the semigeostrophic
		  theory}, 
author={Cho,HR and Koshyk,JN},
year={1989},
journal=jas,
volume={46},
pages={2166-2177}}

@article{chou:02,
title={Reply to "Tropical cirrus and water vapor: an effective {E}arth
infrared iris feedback?"},
author={Chou,M-D and Lindzen,RS and Hou,AY},
year={2002},
journal=acpd,
volume={2},
pages={173-180}}

@article{clark:03,
title={Upper-tropospheric humidity from {MLS} and {ECMWF} reanalyses},
author={Clark,HL and Harwood,RS},
year={2003},
journal=mwr,
volume={131},
pages={542-555}}

@article{clark:12,
title={Doppler radar observations of non-occluding, cyclic vortex genesis within a long-lived tornadic storm over southern {E}ngland},
author={Clark,MR},
year={2012},
journal=qj,
volume={138},
pages={439-454}}

@article{cocke:69,
title={Turbulent hydrodynamic line stretching: {C}onsequences of
		  isotropy}, 
author={Cocke,WJ},
year={1969},
journal=physf,
volume={12},
pages={2488-2492}}

@article{cook:13,
title={Aircraft-based observations of air-sea turbulent fluxes around the British Isles},
author={Cook,PA and Renfrew,IA},
year={2013},
journal=qj,
volume={},
pages={submitted}}

@article{CTB,
title={The role of diffusive effects on {PV} in fronts}, 
author={Cooper,IM and Thorpe,AJ and Bishop,CH},
year={1992},
journal=qj,
volume={118},
pages={629-647}}

@article{cooper:01,
title={Trace gas signatures of the airstreams within {N}orth {A}tlantic
cyclones: {C}ase studies from the {NARE}97 aircraft intensive},
author={Cooper,OR and Moody,JL and Parrish,DD and Trainer,M and Ryerson,TB
and Holloway,JS and H\"{u}bler,G and Fehsenfeld,FC and Oltmans,SJ and 
Evans,MJ},
year={2001},
journal=jgr,
volume={106(D6)},
pages={5437-5456}}

@article{cooper:02a,
title={Trace gas composition of midlatitude cyclones over the western {N}orth
{A}tlantic {O}cean: {A} conceptual model},
author={Cooper,OR and Moody,JL and Parrish,DD and Trainer,M and Ryerson,TB
and Holloway,JS and H\"{u}bler,G and Fehsenfeld,FC and Evans,MJ},
year={2002},
journal=jgr,
volume={107(D7)},
pages={doi:10.1029/2001JD000901}}

@article{cooper:02b,
title={Trace gas composition of midlatitude cyclones over the western {N}orth
{A}tlantic {O}cean: {A} seasonal comparison of {O}$_3$ and {CO}},
author={Cooper,OR and Moody,JL and Parrish,DD and Trainer,M and Holloway,JS
and H\"{u}bler,G and Fehsenfeld,FC and Stohl,A},
year={2002},
journal=jgr,
volume={107(D7)},
pages={doi:10.1029/2001JD000902}}

@article{cooper:06,
title={Large upper tropospheric ozone enhancements above mid-latitude
{N}orth {A}merica during summer. {I}n situ evidence from the {IONS} and 
{MOZAIC} monitoring network.},
author={Cooper,OR},
year={2006},
journal=jgr,
volume={this volume},
pages={}}

@article{corn1,
title={The impact of moist processes on the {A}frican easterly jet-{A}frican easterly wave system},
author={Cornforth,RJ and Hoskins,BJ and Thorncroft,CD},
year={2009},
journal=qj,
volume={135},
pages={894-913}}


@article{corn2,
title={On the application of moist singular vectors to {A}frican easterly waves},
author={Cornforth,RJ and Hoskins,BJ},
year={2009},
journal=asl,
volume={accepted}}

@article{corn3,
title={African easterly waves and convection},
author={Cornforth,RJ and Hoskins,BJ},
year={2009},
journal={in preparation}}

@article{craig:92,
title={A study of two cases of comma-cloud cyclogenesis using a semigeostrophic model},
author={Craig,G and Cho,H-R},
year={1992},
journal=mwr,
volume={120},
pages={2942-2961}}

@article{craig:93,
title={Polar lows over the {N}orth {A}tlantic},
author={Craig,G},
year={1993},
journal={The Meteorological Magazine},
volume={122},
pages={278-279}}

@article{cressman,
title={Barotropic divergence and very long atmospheric waves},
author={Cressman,GP},
year={1958},
journal=mwr,
volume={86},
pages={293-297}}

@article{crommelin:03,
title={Regime transitions and heteroclinic connections in a barotropic atmosphere},
author={Crommelin,DT},
year={2003},
journal=jas,
volume={60},
pages={229-246}}

@article{cullen:83,
title={Solutions to a model of a front forced by deformation},
author={Cullen,MJP},
year={1983},
journal=qj,
volume={109},
pages={565-573}}

@article{cullen:93,
title={The unified forecast/climate model},
author={Cullen,MJP},
year={1993},
journal={Meteor. Mag.},
volume={122},
pages={81-93}}

@article{cullen:05,
title={Generalised semi-geostrophic theory on a sphere},
author={Cullen,MJP and Douglas,RJ and Roulstone,I and Sewell,MJ},
year={2005},
journal=jfm,
volume={531},
pages={123-157}}

@article{dacre:07,
title={A case study of boundary layer ventilation by convection and coastal processes},
author={Dacre,HF and Gray,SL and Belcher,SE},
year={2007},
journal=jgr,
volume={112},
pages={D17106, doi:10.1029/2006JD007984}}

@article{dan:90,
title={In defense of {E}rtel's potential vorticity and its general
		  applicability as a meteorological tracer},
author={Danielsen,EF},
year={1990},
journal=jas,
volume={47},
pages={2013-2020}}

@article{davies:91,
title={The palette of fronts and cyclones within a baroclinic wave
development},
author={Davies,HC and Sch\"{a}r,C and Wernli,H},
year={1991},
journal=jas,
volume={48},
pages={1666-1689}}

@article{d:b:94,
title={Eady edge waves and rapid development},
author={Davies,HC and Bishop,CH},
year={1994},
journal=jas,
volume={51},
pages={1930-1946}}

@article{davies:d:13,
title={Diagnosis and dynamics of forecast error growth},
author={Davies,HC and Didone,M},
year={2013},
journal=mwr,
volume={141},
pages={2483-2501}}

@article{davis:e:91,
title={Potential vorticity diagnostics of cyclogenesis},
author={Davis,CA and Emanuel,KA},
year={1991},
journal=mwr,
volume={119},
pages={1929-1953}}

@article{davis:93,
title={The integrated effect of condensation in numerical simulations of extratropical cyclogenesis},
author={Davis,CA and Stoelinga,MT and Kuo,Y-H},
year={1993},
journal=mwr,
volume={121},
pages={2309-2330}}

@article{davis:96,
title={The balanced dynamical nature of a rapidly intensifying oceanic cyclone},
author={Davis,CA and Grell,ED and Shapiro,MA},
year={1996},
journal=mwr,
volume={124},
pages={3-26}}

@article{davis:b:03,
title={Baroclinically induced tropical cyclogenesis},
author={Davis,CA and Bosart,LF},
year={2003},
journal=mwr,
volume={131},
pages={2730-2747}}

@article{davis:b:04,
title={The {TT} problem},
author={Davis,CA and Bosart,LF},
year={2004},
journal=bams,
volume={85},
pages={1657-1662}}

@article{demirtas:t:99,
title={Sensitivity of short-range forecasts to local potential vorticity modifications},
author={Demirtas,M and Thorpe,AJ},
year={1999},
journal=mwr,
volume={127},
pages={922-939}}

@techreport{demore:97, 
title={Chemical kinetics and photochemical data for
use in stratospheric modeling}, 
author={DeMore,WB and Sander,SP and
Golden,DM and Hampson,RF and Kurylo,MJ and Howard,CJ and
Ravishankara,AR and Kolb,CE and Molina,MJ}, 
year={1997},
type={NASA Publ., JPL 97-4},
institution={}}

@article{derwent:91,
title={Hydrocarbons and the long range transport
of ozone and {PAN} across Europe},
author={Derwent,RG and Jenkin,ME},
year={1991},
journal=atenv,
volume={25A},
pages={1661-1679}}

@article{derwent:94,
title={Ozone and carbon monoxide measurements at a remote maritime
		  location, {M}ace {H}ead, {I}reland, from 1990--1992},
author={Derwent,RG and Simmonds,PG and Collins,WJ},
year={1994},
journal=atenv,
volume={28},
pages={2623-2637}}

@article{derwent:98,
title={Observation and interpretation of the seasonal cycles in the
		  surface concentrations of ozone and carbon monoxide
		  at {M}ace {H}ead, {I}reland from 1990 to 1994},
author={Derwent,RG and Simmonds,PG and Seuring,S and Dimmer,C},
year={1998},
journal=atenv,
volume={32},
pages={145-157}}

@article{dethof:99,
title={A mechanism for moistening the lower stratosphere involving
the {A}sian summer monsoon},
author={Dethof,A and O'Neill,A and Slingo,JM and Smit,HGJ},
year={1999},
journal=qj,
volume={125},
pages={1079-1106}}

@article{dethof:00,
title={Quantification of the isentropic mass transport across the
dynamical tropopause},
author={Dethof,A and O'Neill,A and Slingo,JM},
year={2000},
journal=jgr,
volume={105},
pages={12279-12293}}

@article{devries:07a,
title={Resonance in optimal perturbation evolution. {P}art {I}: {T}wo-layer {E}ady model},
author={De Vries,H and Opsteegh,JD},
year={2007},
journal=jas,
volume={64},
pages={673-694}}

@article{devries:07b,
title={Resonance in optimal perturbation evolution. {P}art {II}: {E}ffects of a nonzero mean {PV} gradient},
author={De Vries,H and Opsteegh,JD},
year={2007},
journal=jas,
volume={64},
pages={695-710}}

@article{devries:07c,
title={Interpretation of discrete and continuum modes in a two-layer {E}ady model},
author={De Vries,H and Opsteegh,JD},
year={2007},
journal={Tellus},
volume={59A},
pages={182-197}}

@article{devries:09short,
title={Baroclinic Initial Value Problems: {R}esults for Simple Basic States with Nonzero Interior {PV} Gradients},
author={De Vries,H and Methven,J and Frame,THA and Hoskins,BJ},
year={2009},
journal=jas,
volume={66},
pages={864-882}}

@article{devries:09,
title={An Interpretation of Baroclinic Initial Value Problems: {R}esults for Simple Basic States with Nonzero Interior {PV} Gradients},
author={De Vries,H and Methven,J and Frame,THA and Hoskins,BJ},
year={2009},
journal=jas,
volume={66},
pages={864-882}}

@article{devries:10,
title={Baroclinic waves with parameterised effects of moisture interpreted using Rossby wave components},
author={De Vries,H and Methven,J and Frame,THA and Hoskins,BJ},
year={2010},
journal=jas,
volume={},
pages={Early view}}

@article{dickey:94,
title={Angular momentum exchange among the solid {E}arth, atmosphere,
and oceans: {A} case study of the 1982-1983 {E}l {N}ino event}, 
author={Dickey,JO and Marcus,SL and Hide,R and Eubanks,TM and Boggs,DH},
year={1994},
journal=jgr,
volume={99(B12)},
pages={23921-23937}}

@article{ding:wang:05,
title={Circumglobal teleconnection in the {N}orthern {H}emisphere {S}ummer},
author={Ding,Q and Wang,B},
year={2005},
journal=jc,
volume={18},
pages={3483-3505}}

@article{dirren:04,
title={Combined dynamics of boundary and interior perturbations in the
{E}ady setting},
author={Dirren,S and Davies,HC},
year={2004},
journal=jas,
volume={61},
pages={1549-1565}}

@book{dijkstra:book,
title={Nonlinear Physical Oceanography},
author={Dijkstra,HA},
year={2005},
publisher={Springer},
note={532 pp}}

@article{dodd:96,
title={Diagnosing the global hydrological cycle from routine atmospheric 
analyses}, 
author={Dodd,JP and James,IN},
year={1996},
journal=qj,
volume={122},
pages={1475-1499}}

@article{dodd:97,
title={The impact of latent-heat release on the {H}adley circulation},
author={Dodd,JP and James,IN},
year={1997},
journal=qj,
volume={123},
pages={1763-1770}}

@article{donnell:00,
title={Mechanisms for pollutant transport between the boundary layer and 
the free troposphere},
author={Donnell,EA and Fish,DJ and Dicks,EM  and Thorpe,AJ},
year={2001},
journal=jgr,
volume={106},
pages={7847-7856}}

@article{dorling:92,
title={Cluster analysis: {A} technique for estimating the synoptic
		  meteorological controls on air and precipitation
		  chemistry -- {M}ethod and applications},
author={Dorling,SR and Davies,TD and Pierce,CE},
year={1992},
journal=atenv,
volume={26A},
pages={2575-2581}}

@article{doty:perk,
title={Sensitivity of trajectory calculations to the temporal
		  frequency of wind data},
author={Doty,KG and Perkey,DJ},
year={1993},
journal=mwr,
volume={121},
pages={387-401}}

@article{drit:88,
title={Nonlinear stability bounds for inviscid, 2{D}, parallel or circular  
flows with monotonic vorticity, and the analogous 3{D} 
quasi-geostrophic flows},
author={Dritschel,DG},
year={1988},
journal=jfm,
volume={191},
pages={575-581}}

@article{drit:89,
title={Contour Dynamics and Contour Surgery: Numerical Algorithms for
		  Extended, High-Resolution Modelling of Vortex
		  Dynamics in 2-{D}, Inviscid, Incompressible Flows},
author={Dritschel,DG},
year={1989},
journal={Computer Phys.Rep.},
volume={10},
pages={78-146}}

@article{drit:89a,
title={On the stabilization of a 2-{D} vortex strip by adverse shear},
author={Dritschel,DG},
year={1989},
journal=jfm,
volume={206},
pages={193-221}}

@incollection{drit:book:89, 
title={Strain-induced vortex stripping},
author={Dritschel,DG},
year={1989}, 
booktitle={Mathematical aspects of vortex dynamics},
publisher={SIAM},
editor={Caflisch,RE},
pages={107-119}}

@article{d:h:j:s,
title={The stability of a 2-{D} vorticity filament under uniform strain},
author={Dritschel,DG and Haynes,PH and Juckes,MV and Shepherd,TG},
year={1991},
journal=jfm,
volume={230},
pages={647-665}}

@article{drit:pol,
title={The roll-up of vorticity strips on the surface of a sphere},
author={Dritschel,DG and Polvani,LM},
year={1992},
journal=jfm,
volume={234},
pages={47-69}}

@article{drit:mci,
title={Multiple jets as {PV} staircases: the {P}hillips effect and the resilience of eddy-transport barriers}, 
author={Dritschel,DG and McInytre,ME},
year={2007},
journal=jas,
volume={},
pages={In Press}}

@article{dunkerton:09,
title={Tropical cyclogenesis in a tropical wave critical layer: {E}asterly waves},
author={Dunkerton,T and Montgomery,M and Wang,Z},
year={2009},
journal=acp,
volume={9},
pages={5587-5646, doi:10.5194/acp-9-5587-2009}}

@article{eady:49,
title={Long waves and cyclone waves},
author={Eady,ET},
year={1949},
journal=tel,
volume={1},
pages={33-52}}

@manual{ecmwf:man2,
title={Forecast Model: {A}diabatic {P}art, {E}uropean {C}entre for 
{M}edium-Range {W}eather {F}orecasts, Reading, U.K.}, 
key={ECMWF Research Manual 2}, 
year={1988}}

@article{eccles:04,
title={Nonlinear effects on {ENSO}'s period},
author={Eccles,F and Tziperman,E},
year={2004},
journal=jas,
volume={61},
pages={474-482}}

@article{eckhardt:03,
title={The {N}orth {A}tlantic {O}scillation controls air pollution
transport to the {A}rctic},
author={Eckhardt,S and Stohl,A and Beirle,S and Spichtinger,N and James,P
and Forster,C and Junker,C and Wagner,T and Platt,U and Jennings,SG},
year={2003},
journal=acp,
volume={3},
pages={1769-1778}}

@article{eckhardt:04,
title={A 15-year climatology of warm conveyor belts},
author={Eckhardt,S and Stohl,A and Wernli,H and James,P and Forster,C and 
Spichtinger,N},
year={2004},
journal=jc,
volume={17},
pages={218-237}}

@article{edmon,
title={Eliassen-{P}alm cross-sections for the troposphere},
author={Edmon,HJ and Hoskins,BJ and McIntyre,ME},
year={1980},
journal=jas,
volume={37},
pages={2600-2616}}

@article{edouard:96a,
title={The effect of small-scale inhomogeneities on ozone depletion in
		  the {A}rctic},
author={Edouard,S and Legras,B and Lef\`evre,F and Eymard,R},
year={1996},
journal={Nature},
volume={384},
pages={444-447}}

@article{egger:08,
title={Piecewise potential vorticity inversion: {E}lementary tests},
author={Egger,J},
year={2008},
journal=jas,
volume={65},
pages={2015-2024}}

@article{EP61,
title={On the transfer of energy in stationary mountain waves},
author={Eliassen,A and Palm,E},
year={1961},
journal={Geofys. Publ.},
volume={22},
pages={1-23}}

@article{elus:00,
title={Sensitivity of age-of-air calculations to the choice of advection
scheme},
author={Eluszkiewicz,J and Hemler,RS and Mahlman,JD and Bruhwiler,L
and Takacs,LL},
year={2000},
journal=jas,
volume={},
pages={}}

@article{emanuel:82,
title={A variational theorem for circulation integrals applied to inviscid symmetric flows with variable stability and shear},
author={Emanuel,KA},
year={1982},
journal=qj,
volume={108},
pages={825-832}}

@book{emanuel:94,
title={Atmospheric convection},
author={Emanuel,KA},
year={1994},
publisher={Oxford Uni. Press},
note={580 pp}}

@article{EFT,
title={Baroclinic instability in an environment of small stability to
		  slantwise moist convection. {P}art {I}: 2-{D} models},
author={Emanuel,KA and Fantini,M and Thorpe,AJ},
year={1987},
journal=jas,
volume={44},
pages={1559-1573}}

@article{emanuel:b,
title={Moist convective velocity and buoyancy scales},
author={Emanuel,KA and Bister,M},
year={1996},
journal=jas,
volume={53},
pages={3276-3285}}

@article{emmerson:04,
title={A {L}agrangian model with simple primary and secondary aerosol
scheme 1: {C}omparison with {UK} {PM}10 data},
author={Emmerson,KM and MacKenzie,AR and Owen,SM and Evans,MJ and 
Shallcross,DE},
year={2004},
journal=acp,
volume={4},
pages={2161-2170}}

@article{enomoto:01,
title={The formation mechanism for the equivalent-barotropic structure of #
the {B}onin high},
author={Enomoto,T and Matsuda,Y and Hoskins,BJ},
year={2001},
journal=jas,
volume={submitted},
pages={}}

@booklet{ea:atm,
title={The state of the environment of {E}ngland and {W}ales: 
{T}he atmosphere},
key={Environment Agency},
year={2000},
note={138pp},
howpublished={The Stationery Office, London}}

@booklet{corinair,
title={{CORINAIR}},
key={European Environment Agency},
year={1994},
howpublished={Off. for Official Publ. of the Eur. Communities,
Brussels}}
%%ISBN 92-826-9058-X}} 

@article{erler:11,
title={The static stability of the tropopause region in adiabatic baroclinic life cycle experiments},
author={Erler,AR and Wirth,V},
year={2011},
journal=jas,
volume={68},
pages={1178-1193}}

@article{esler:01,
title={Stratosphere-troposphere exchange: {C}hemical sensitivity to mixing},
author={Esler,JG and Tan,DGH and Haynes,PH and Evans,MJ and Law,KS
and Plantevin,PH and Pyle,JA},
year={2001},
journal=jgr,
volume={106},
pages={4717-4731}}

@article{esler:dcfz,
title={Transport and mixing between airmasses in cold frontal regions during
{D}ynamics and {C}hemistry of {F}rontal {Z}ones},
author={Esler,JG and Haynes,PH and Law,KS and Barjat,H and Dewey,K and 
Kent,J and Schmitgen,S and Brough,N},
year={2003},
journal=jgr,
volume={108(D4)},
pages={4142, doi:10.1029/2001JD001494}}

@article{esler:04,
title={A quantitative analysis of grid-related systematic errors in oxidising capacity and ozone production rates in chemistry transport models},
author={Esler,JG and Roelofs,GJ and K\"{o}hler,MO and O'Connor,FM},
year={2004},
journal=acp,
volume={4},
pages={1781-1795}}

@article{evans:00,
title={Evaluation of a {L}agrangian box model using field measurements
		  from {EASE} 1996},
author={Evans,MJ and Shallcross,DE and Law,KS and Wild,JOF and
		  Simmonds,PG and Spain,TG and Berrisford,P and
		  Methven,J and Lewis,AC and McQuaid,JB and Pilling,MJ
		  and Bandy,BJ and Penkett,SA and Pyle,JA},
year={2000},
journal=atenv,
volume={34},
pages={3843-3863}}

@article{fairlie:97, 
title={Lagrangian forecasting during {ASHOE/MAESA: A}nalysis of
		  predictive skill for analyzed and
		  reverse-domain-filled potential vorticity},
author={Fairlie,T and Pierce,R and Grose,W and Lingenfelser,G and
		  Loewenstein,M and Podolske,J},
year={1997},
journal=jgr,
volume={102(D11)},
pages={13169-13182}}

@book{falconer:90,
title={Fractal geometry: {M}athematical foundations and applications},
author={Falconer,K}, 
year={1990},
publisher={John Wiley \& Sons},
note={288 pp}}

@article{falkovich:94,
title={Nonlineat interaction between long inertio-gravity and {R}ossby waves},
author={Falkovich,G and Kuznetsov,E and Medvedev,S},
year={1994},
journal={Nonlinear Processes Geophys.},
volume={1},
pages={168-171}}

@article{farmer:o:y,
title={The dimension of chaotic attractors},
author={Farmer,JD and Ott,E and Yorke,JA},
year={1983},
journal={Physica},
volume={D7},
pages={153-180}}

@article{farrell:82,
title={The initial growth of disturbances in a baroclinic flow},
author={Farrell,BF},
year={1982},
journal=jas,
volume={39},
pages={1663-1686}}

@article{farrell:84,
title={Modal and non-modal baroclinic waves},
author={Farrell,B},
year={1984},
journal=jas,
volume={41},
pages={668-673}}

@article{fehlman:davies:97,
title={Misforecasts of Synoptic Systems: {D}iagnosis via {PV} Retrodiction},
author={Fehlman,R and Davies,H},
year={1997},
journal=mwr,
volume={125},
pages={2247-2264}}

@article{fehsenfeld:06,
title={{ICARTT} Overview},
author={Fehsenfeld,F},
year={2006},
journal=jgr,
volume={},
pages={this volume}}

@article{fels,
title={A parameterization of scale dependent radiative damping rates
		  in the middle atmosphere},
author={Fels,SB},
year={1982},
journal=jas,
volume={39},
pages={1141-1152}}

@article{fiore:06,
title={Impact of meteorology and emissions on methane trends, 1990-2004},
author={Fiore,AM and Horowitz,LW and Dlugokencky,EJ and West,JJ},
year={2006},
journal=grl,
volume={33},
pages={L12809, doi:10.1029/2006GL026199}}

@article{fischer:00,
title={Tracer correlations in the northern high latitude lowermost
stratosphere: {I}nfluence of cross-tropopause mass exchange},
author={Fischer,H and Wienhold,FG and Hoor,P and Bujok,O and Schiller,C
and Siegmund,P and Ambaum,M and Scheeren,HA and Lelieveld,J},
year={2000},
journal=grl,
volume={27},
pages={97-100}}

@article{fischer:02,
title={Synoptic tracer gradients in the upper troposphere over central 
{C}anada during the {S}tratosphere-{T}roposphere {E}experiments
by {A}ircraft {M}easurements 1998 summer campaign},
author={Fischer,H and Brunner,D and Harris,GW and Lelieveld,J
and McKenna,DS and Rudolph,J and Scheeren,HA and Siegmund,P and Wernli,H
and Williams,J and Wong,S},
year={2002},
journal=jgr,
volume={107(D8)},
pages={doi:10.1029/2000JD000312}}

@article{fitzgerald:98,
title={A one dimensional sectional model to simulate multicomponent
aerosol dynamics in the marine boundary layer. (2): {M}odel application},
author={Fitzgerald,JW and Marti,JJ and Hoppel,WA and Frick,GM and Gelbard,F},
year={1998},
journal=jgr,
volume={103},
pages={16103-16117}}

@article{fjortoft:50,
title={Application of integral theorems in deriving
criteria of stability for laminar flows and for the baroclinic circular 
vortex},
author={Fj\mbox{\o}rtoft,R},
year={1950},
journal={Geofys. Publ.},
volume={17},
pages={No.~6, 1-52}}

@inbook{fjortoft:51,
title={Compendium of Meteorology},
author={Fj\mbox{\o}rtoft,R},
year={1951},
publisher={Am. Meteor. Soc.},
pages={454}}

@article{fjortoft:53,
title={On the changes in the spectral distribution of kinetic energy
		  of 2-{D} non-divergent flow},
author={Fj\mbox{\o}rtoft,R},
year={1953},
journal=tel,
volume={5},
pages={225-230}}
		  
@article{flohr:97,
title={Accelerated scalar dissipation in a vortex},
author={Flohr,P and Vassilicos,JC},
year={1997},
journal=jfm,
volume={348},
pages={295-318}}

@article{folkins:00,
title={Tropical convective outflow and near surface equivalent 
potential temperatures}, 
author={Folkins,I and Oltmans,SJ and Thompson,AM},
year={2000},
journal=grl,
volume={27},
pages={2549-2552}}

@article{forbes:lottes,
title={Classification of mesoscale vortices in polar airstreams and
		  the influence of the large-scale environment on
		  their evolutions},
author={Forbes,GS and Lottes,WD},
year={1985},
journal=tel,
volume={37A},
pages={132-155}}

@article{forster:00,
title={An examination of climate sensitivity for idealised climate change 
experiments in an intermediate general circulation model},
author={Forster,PM and Blackburn,M and Glover,R and Shine,KP},
year={2000},
journal={Clim. Dyn.},
volume={16},
pages={833-849}}

@article{forster:wirth:00,
title={Radiative decay of idealised stratospheric filaments in the troposphere},
author={Forster,C and Wirth,V},
year={2000},
journal=jgr,
volume={105, D8},
pages={10169-10184}}

@article{forster:01,
title={Transport of boreal forest fire emissions from {C}anada to {E}urope},
author={Forster,C and Wandinger,U and Wotawa,G and James,P and Mattis,I and 
Althausen,D and Simmonds,P and O'Doherty,S and Kleefeld,C and Jennings,S 
and Schneider,J and Trickl,T and Kreipl,S and J\"{a}ger,H and Stohl,A},
year={2001},
journal=jgr,
volume={106},
pages={22887-22906}}

@article{frame:11,
title={Ensemble prediction of transitions of the {N}orth {A}tlantic eddy driven jet},
author={Frame,T and Ambaum,MHP and Gray,SL and Methven,J},
year={2011},
journal=qj,
volume={137},
pages={1288-1297}}

@article{frame:12,
title={Flow dependent predictability of the {N}orth {A}tlantic jet},
author={Frame,T and Methven,J and Gray,SL and Ambaum,MHP},
year={2012},
journal=grl,
volume={},
pages={submitted}}

@article{frank:06,
title={The role of tropical waves in tropical cyclogenesis},
author={Frank,WM and Roundy,P},
year={2006},
journal=mwr,
volume={134},
pages={2397-24170}}

@article{freitas:00,
title={A convective kinematic trajectory technique for low-resolution
atmospheric models},
author={Freitas,SR and Silva Dias,MAF and Silva Dias,PL and
Longo,KM and Artaxo,P and Andreae,MO and Fischer,H},
year={2000},
journal=jgr,
volume={105(D19)},
pages={24375-24386}}

@article{frost:06,
title={Effects of changing power plant {NO}x emissions on ozone in the {E}astern {U}nited {S}tates},
author={Frost,GJ and McKeen,SA and Trainer,M and Ryerson,TB and Holloway,JS and Sueper,DT and Fortin,T and Parrish,DD and Fehsenfeld,FC and Peckham,SE and Grell,GA and Kowal,D and Cartwright,J and Auerbach,N and Habermann,T},
year={2006},
journal=jgr,
volume={submitted},
pages={}}

@article{froude:07,
title={The Prediction of Extratropical Storm Tracks by the {ECMWF} and {NCEP} Ensemble Prediction Systems},
author={Froude,LSR and Bengtsson,L and Hodges,K},
year={2007},
journal=mwr,
volume={135},
pages={2545-256}}

@article{fu:01,
title={Tropical cirrus and water vapor: an effective {E}arth
infrared iris feedback?},
author={Fu,Q and Baker,M and Hartmann,DL},
year={2001},
journal=acpd,
volume={1},
pages={221-238}}

@article{fueglistaler:05,
title={Stratospheric water vapor predicted from the {L}agrangian temperature
history of air entering the stratosphere in the tropics},
author={Fueglistaler,S and Bonazzola,M and Haynes,PH and Peter,T},
year={2005},
journal=jgr,
volume={110},
pages={doi:10.1029/2004JD005516}}

@article{gage:86,
title={Theoretical interpretation of atmospheric wavenumber spectra of
		  wind and temperature observed by commercial aircraft
		  during {GASP}},
author={Gage,KS and Nastrom,GD},
year={1986},
journal=jas,
volume={43},
pages={729-740}}

@article{galanti:00,
title={{ENSO}'s phase locking to the seasonal cycle in the fast-{SST}, fast-wave and mixed-mode regimes},
author={Galanti,E and Tziperman,E},
year={2000},
journal=jas,
volume={57},
pages={2936-2950}}

@article{galewsky:05,
title={Diagnosis of subtropical humidity dynamics using tracers of last saturation},
author={Galewsky,J and Sobel,A and Held,I},
year={2005},
journal=jas,
volume={62},
pages={3353-3367}}

@article{gall:w:c,
title={On the minimum scale of surface fronts},
author={Gall,RL and Williams,RT and Clark,TL},
year={1987},
journal=jas,
volume={44},
pages={2562-2574}}

@article{gangoiti:01,
title={Long-range transport and re-circulation of pollutants in the
western {M}editerranean during the project {RECAPMA}},
author={Gangoiti,G and Millan,MM and Salvador,R and Mantilla,E},
year={2001},
journal=atenv,
volume={35},
pages={6267-6276}}

@article{gao:04,
title={Generation of generalized moist potential vorticity in a frictionless and moist adiabatic flow},
author={Gao,S and Wang,X and Zhou,Y},
year={2004},
journal=grl,
volume={31},
pages={L12113, doi:10.1029/2003GL019152}}

@article{garner:n:h,
title={Nonlinear equilibration of 2-{D} {E}ady waves: {A} new
		  perspective}, 
author={Garner,ST and Nakamura,N and Held,IH},
year={1992},
journal=jas,
volume={49},
pages={1984-1996}}

@article{gauss:06,
title={Radiative forcing since preindustrial times due to ozone change in the troposphere and the lower stratosphere},
author={Gauss,M et al},
year={2006},
journal=acp,
volume={6},
pages={575-599}}

@article{geisler:d:75,
title={External {R}ossby modes on a $\beta$-plane with realistic
		  vertical shear},
author={Geisler,JE and Dickinson,RE},
year={1975},
journal=jas,
volume={32},
pages={2082-2093}}

@article{geisler:g:77,
title={Baroclinic instability at long wavelengths on a $\beta$-plane},
author={Geisler,JE and Garcia,RR},
year={1977},
journal=jas,
volume={34},
pages={311-321}}

@article{gerbig:99,
title={An improved fast-response vacuum-{UV} resonance fluorescence {CO} 
instrument},
author={Gerbig,C and Schmitgen,S and Kley,D and Volz-Thomas,A and Dewey,K 
and Haaks,D},
year={1999},
journal=jgr,
volume={104},
pages={1699-1704}}

@article{gettelman:00,
title={Simulations of water vapor in the lower stratosphere and upper
troposphere},
author={Gettelman,A and Holton,JR and Douglass,AR},
year={2000},
journal=jgr,
volume={105(D7)},
pages={9003-9023}}

@article{gettelman:01,
title={The distribution and influence of convection in the tropical
tropopause region},
author={Gettelman,A and Salby,ML and Sassi,F},
year={2001},
journal=jgr,
volume={},
pages={}}

@article{gettelman:02,
title={Transport of water vapor in the tropical tropopause layer},
author={Gettelman,A and Randel,WJ and Massie,ST},
year={2002},
journal=grl,
volume={},
pages={}}

@incollection{gibbs:99, 
title={Using assessment strategically to change the way students learn},
author={Gibbs,G},
year={1999}, 
chapter={4},
editor={Brown,S and Glasner,A},
booktitle={Assessing matters in higher education. Choosing and using diverse approaches.},
publisher={The Society for Research into Higher Education and the Open University Press, Buckingham}}

@techreport{era1,
title={{ERA} description},
author={Gibson,JK and Kallberg,P and Uppala,S and Hernandez,A and
		  Nomura,A and Serrano,E},
year={1997},
number={1},
pages={71},
institution={{ECMWF} re-analysis}} 

@article{gilbert:88,
title={Spiral singularities and spectra in 2-{D} turbulence},
author={Gilbert,AD},
year={1988},
journal=jfm,
volume={193},
pages={475-497}}

@article{gill:80,
title={Some simple solutions for heat-induced tropical circulation},
author={Gill,AE},
year={1980},
journal=qj,
volume={106},
pages={447-462}}

@book{gill:book,
title={Atmosphere-ocean dynamics},
author={Gill,AE}, 
year={1982},
publisher={Academic Press}}

@article{gimson:94,
title={Dispersion and removal of pollutants during the passage of
an atmospheric frontal system},
author={Gimson,NR},
year={1994},
journal=qj,
volume={120},
pages={139-160}}

@article{good:03,
title={Constraining tropospheric mixing timescales using airborne observations and numerical models},
author={Good,P and Giannakopoulos,C and O'Connor,FM and Arnold,SR and de Reus,M and Schlager,H},
year={2003},
journal=acp,
volume={3},
pages={1023-1035}}

@article{grams:11,
title={The key role of diabatic processes in modifying the upper-tropospheric wave guide: a {N}orth {A}tlantic case-study},
author={Grams,CM and Wernli,H and Bottcher,M and Campa,J and Corsmeier,U and Jones,SC and Keller,JH and Lenz,C-J and Wiegand,L},
year={2011},
journal=qj,
volume={137},
pages={2174-2193}}

@article{grant:00,
title={A case study of transport of tropical marine boundary layer
and lower tropospheric air masses to the northern mid-latitude
upper troposphere},
author={Grant,WB and Browell,EV and Butler,CF and Fenn,MA and Clayton,MB
and Hannan,JR and Fuelberg,HE and Blake,DR and Blake,NJ and Gregory,GL
and Heikes,BG and Sachse,GW and Singh,HB and Snow,J and Talbot,RW},
year={2000},
journal=jgr,
volume={105},
pages={3757-3769}}

@article{graves:08,
title={Effectiveness of malaria control during changing climate conditions in {E}ritrea}, 
author={Graves,PM and Osgood,DE and et al.},
year={2008},
journal={Tropical Medicine and International Health},
volume={13(2)},
pages={218-228}}

@article{gray:06,
title={Mechanisms of midlatitude cross-tropopause transport using a potential vorticity budget approach},
author={Gray,SL},
year={2006},
journal=jgr,
volume={111},
pages={D17113, doi:10.1029/2005JD006529}}

@article{gray:11, 
title={Conditional symmetric instability in sting-jet storms},
author={Gray,SL and Martinez-Alvarado,O and Baker,LH and Clark,PA},
year={2011}, 
journal=qj,
volume={137}, 
pages={1482-1500}}

@article{grazzini:06,
title={Predictability of a large-scale flow conducive to extreme precipitation over the western {A}lps},
author={Grazzini,F},
year={2006},
journal={Meteorol. Atmos. Phys.},
volume={},
pages={doi:10.1007/s00703-006-0205-8}}

@article{gregory:m:89,
title={A numerical study of the parametrization of deep tropical
		  convection}, 
author={Gregory,D and Miller,MJ},
year={1989},
journal=qj,
volume={115},
pages={1209-1241}}

@article{gregory:02,
title={The sensitivity of a model's stratospheric tape recorder to the choice
of advection scheme},
author={Gregory,AR and West,V},
year={2002},
journal=qj,
volume={128},
pages={1827-1846}}

@article{grodsky:05,
title={Tropical instability waves at 0N, 23W in the {A}tlantic: {A} case study using {P}ilot {R}esearch {M}oored {A}rray in the {T}ropical {A}tlantic ({PIRATA}) mooring data},
author={Grodsky,SA and Carton,JA and Provost,C and Servain,J and Lorenzzetti,JA and McPhaden,MJ},
year={2005},
journal=jgr,
volume={110},
pages={C08010, doi:10.1029/2005JC002941}}

@article{guemas:08,
title={Summer interactions between weather regimes and surface ocean in the 
{N}orth-{A}tlantic region},
author={Guemas,V and Salas-Melia,D and Kageyama,M and Giordani,H and Voldoire,A and Sanchez-Gomez,E},
year={2008},
journal={Clim. Dyn.},
volume={},
pages={doi:10.1007/s00382-008-0491-6}}

@article{guenther:95,
title={A global model of
natural volatile organic compound emissions},
author={Guenther,A and Hewitt,CN and Erickson,D and Fall,R and Geron,C and Graedel,T and Harley,P and Klinger,L and Lerdau,M and McKay,W and Pierce,T and Scholes,B and Steinbrecher,R and Tallamraju,R and Taylor,J and Zimmerman,P},
year={1995},
journal=jgr,
volume={100},
pages={8873-8892}}

@article{gutowski:95,
title={Sensitivity of transient eddies to climate change in the {CCC} general circulation model},
author={Gutowski,WJ and Nendick,PC and Branscome,LE},
year={1995},
journal={Atmosphere-Ocean},
volume={33},
pages={753-770}}

@techreport{hack:jakob, 
title={Description of a global shallow water model based on the 
spectral transform method},
author={Hack,JJ and Jakob,R},
year={1992},
number={{NCAR/TN-343+STR}},
institution={National Center for Atmospheric Research, Boulder, CO}}

@article{hackborn:97,
title={A theoretical and experimental study of hyperbolic and
		  degenerate mixing regions in a chaotic {S}tokes
		  flow}, 
author={Hackborn,WW and Ulucakli,ME and Yuster,T},
year={1997},
journal=jfm,
volume={346},
pages={23-48}}

@article{haine:02,
title={A generalized transport theory: {W}ater-mass composition and age},
author={Haine,TWN and Hall,TM},
year={2002},
journal=jpo,
volume={32},
pages={1932-1946}}

@article{hakim:95,
title={The {O}hio {V}alley wave-merger cyclogenesis event of 25-26 {J}anuary 
1978. {P}art {I}: {M}ultiscale case study},
author={Hakim,GJ and Bosart,LF and Keyser,D},
year={1995},
journal=jas,
volume={123},
pages={2663-2692}}

@article{hakim:96,
title={The {O}hio {V}alley wave-merger cyclogenesis event of 25-26 {J}anuary 
1978. {P}art {II}: {D}iagnosis using quasigeostrophic potential vorticity 
inversion},
author={Hakim,GJ and Keyser,D and Bosart,LF},
year={1996},
journal=jas,
volume={124},
pages={2176-2205}}

@article{hall:94,
title={Storm tracks in a high-resolution {GCM} with doubled carbon dioxide},
author={Hall,NMJ and Hoskins,BJ and Valdes,PJ and Senior,CA},
year={1994},
journal=qj,
volume={120},
pages={1209-1230}}

@article{hall:s:98,
title={Is the time-mean {N}orthern {H}emisphere flow baroclinically 
unstable?},
author={Hall,NMJ and Sardeshmukh,PD},
year={1998},
journal=jas,
volume={55},
pages={41-56}}

@article{hall:06,
title={Three-Dimensional Structure and Dynamics of African Easterly Waves. {P}art {II}: {D}ynamical Modes},
author={Hall,NMJ and Kiladis,GN and Thorncroft,CD},
year={2006},
journal=jas,
volume={63},
pages={2231-2245}}

@article{han:10,
title={Convectively coupled waves in a sheared environment},
author={Han,Y and Khouider,B},
year={2010},
journal=jas,
volume={},
pages={Early view}}

@article{harnik:h:07,
title={Relating overreflection and wave geometry to the counterpropagating {R}ossby wave perspective: {T}oward a deeper mechanistic understanding of shear instability},
author={Harnik,N and Heifetz,E},
year={2007},
journal=jas,
volume={64},
pages={2238-2261}}

@article{harnik:08,
title={A buoyancy-vorticity wave interaction approach to stratified shear flow},
author={Harnik,N and Heifetz,E and Umurhan,OM and Lott,F},
year={2008},
journal=jas,
volume={},
pages={}}

@article{harrold:73,
title={Mechanisms influencing the distribution of precipitation within
baroclinic disturbances},
author={Harrold,TW},
year={1973},
journal=qj,
volume={99},
pages={232-251}}

@article{hartmann:83,
title={Barotropic instability of the polar night jetstream},
author={Hartmann,DL},
year={1983},
journal=jas,
volume={40},
pages={817-835}}

@article{hatsushika:03,
title={Stratospheric drain over {I}ndonesia and dehydration within the 
tropical tropopause layer diagnosed by air parcel trajectories},
author={Hatsushika,H and Yamazaki,K},
year={2003},
journal=jgr,
volume={108(D19)},
pages={4610, doi:10.1029/2002JD002986}}

@article{hausdorff,
title={Dimension und Ausseres Mass},
author={Hausdorff,F}, 
year={1919}, 
journal={Math.Annalen},
volume={79}, 
pages={157}}

@article{hawcroft:12,
title={How much {N}orthern {H}emisphere precipitation is associated with extratropical cyclones?},
author={Hawcroft,MK and Shaffrey,LC and Hodges,KI and Dacre,HF},
year={2012}, 
journal=grl,
volume={39, L24809}, 
pages={doi:10.1029/2012GL053866}}

@article{hayashi:y:87,
title={Stable and unstable shear modes of rotating parallel flows in
shallow water},
author={Hayashi,Y-Y and Young,WR},
year={1987}, 
journal=jfm,
volume={184}, 
pages={477-504}}

@article{hayes:77,
title={A note on group velocity},
author={Hayes,M},
year={1977},
journal={Proc.Roy.Soc.London},
volume={354},
pages={533-535}}

@article{haynes:88,
title={Forced, dissipative generalisations of finite-amplitude
		  wave-activity conservation relations for zonal and
		  non-zonal basic flows},
author={Haynes,PH}, 
year={1988}, 
journal=jas,
volume={45}, 
pages={2352-2362}}

@article{haynes:05,
title={Stratospheric Dynamics},
author={Haynes,PH}, 
year={2005}, 
journal={Ann. Rev. Fluid Mech.},
volume={37}, 
pages={263-293}}

@article{h:etal:91,
title={On the ``downward control'' of extratropical diabatic
		  circulations by eddy-induced mean zonal forces},
author={Haynes,PH and Marks,CJ and McIntyre,ME and Shepherd,TG and
		  Shine,KP},  
year={1991}, 
journal=jas,
volume={48}, 
pages={651-678}}

@article{haynes:87,
title={On the representation of {R}ossby wave critical layers and wave breaking in zonally truncated models},
author={Haynes,PH and McIntyre,ME}, 
year={1987}, 
journal=jas,
volume={44}, 
pages={2359-2382}}

@article{haynes:mm:87,
title={On the evolution of vorticity and {PV} in the presence of
		  diabatic heating and frictional or other forces},
author={Haynes,PH and McIntyre,ME}, 
year={1987}, 
journal=jas,
volume={44}, 
pages={828-841}}

@article{haynes:mm:90,
title={On the conservation and impermeability theorems for {PV}},
author={Haynes,PH and McIntyre,ME}, 
year={1990}, 
journal=jas,
volume={47}, 
pages={2021-2031}}

@article{HWard, 
title={The effect of realistic radiative transfer on
     {PV} structures, including the influence of background shear and
     strain}, 
author={Haynes,P and Ward,W}, 
year={1993}, 
journal=jas,
volume={50}, 
pages={3431-3453}}

@article{haynes:anglade, 
title={The vertical-scale cascade in atmospheric tracers due to
		  large-scale differential advection},
author={Haynes,P and Anglade,J}, 
year={1997}, 
journal=jas,
volume={54}, 
pages={1121-1136}}

@article{haynes:v:03, 
title={Stratospheric tracer spectra},
author={Haynes,P and Vanneste,J}, 
year={2003}, 
journal=jas,
volume={submitted}, 
pages={}}

@article{haynes:01, 
title={Formation and maintenance of the extratropical tropopause by baroclinic eddies},
author={Haynes,P and Scinocca,J and Greenslade,M}, 
year={2001}, 
journal=grl,
volume={28}, 
pages={4179-4182}}

@article{haywood:10,
title={Observations of the eruption of the {S}arychev volcano and simulations using the {H}ad{GEM}2 climate model},
author={Haywood,JM and Jones,A and Clarisse,L and Bourassa,A and Barnes,J and Telford,P and Bellouin,N and Boucher,O and Agnew,P and Clerbaux,C and Coheur,P and Degenstein,D and Braesicke,P},
year={2010},
journal=jgr,
volume={115, D21212},
pages={doi:10.1029/2010JD014447}}

@article{heard:06, 
title={The {N}orth {A}tlantic {M}arine {B}oundary {L}ayer {E}xperiment ({NAMBLEX}). {O}verview of the campaign held at {M}ace {H}ead, {I}reland, in summer 2002},
author={Heard,DE and Read,KA and Methven,J}, 
year={2006}, 
journal=acp,
volume={6}, 
pages={2241-2272}}

@article{heifetz:99,
title={Counter-propagating {R}ossby waves in the barotropic {R}ayleigh
model of shear instability},
author={Heifetz,E and Bishop,CH and Alpert,P}, 
year={1999}, 
journal=qj,
volume={125}, 
pages={2835-2853}}

@article{crw1,
title={The counter-propagating {R}ossby wave perspective on baroclinic 
instability. {P}art {I}: {M}athematical basis},
author={Heifetz,E and Bishop,CH and Hoskins,BJ and Methven,J}, 
year={2004}, 
journal=qj,
volume={130}, 
pages={211-231}}

@article{crw2,
title={The counter-propagating {R}ossby wave perspective on baroclinic 
instability. {P}art {II}: {A}pplication to the {C}harney model},
author={Heifetz,E and Methven,J and Hoskins,BJ and Bishop,CH}, 
year={2004}, 
journal=qj,
volume={130}, 
pages={233-258}}

@article{crw3,
title={The counter-propagating {R}ossby wave perspective on baroclinic 
instability. {P}art {III}: {P}rimitive equation disturbances on the sphere},
author={Methven,J and Heifetz,E and Hoskins,BJ and Bishop,CH}, 
year={2005}, 
journal=qj,
volume={131}, 
pages={1393-1424}}

@article{crw4,
title={The counter-propagating {R}ossby wave perspective on baroclinic 
instability. {P}art {IV}: {N}onlinear life cycles},
author={Methven,J and Heifetz,E and Hoskins,BJ and Bishop,CH}, 
year={2005}, 
journal=qj,
volume={131}, 
pages={1425-1440}}

@article{crw1short,
title={The {CRW} perspective on baroclinic 
instability. {P}art {I}: {M}athematical basis},
author={Heifetz,E and Bishop,CH and Hoskins,BJ and Methven,J}, 
year={2004}, 
journal=qj,
volume={130}, 
pages={211-231}}

@article{crw2short,
title={The {CRW} perspective on baroclinic 
instability. {P}art {II}: {A}pplication to the {C}harney model},
author={Heifetz,E and Methven,J and Hoskins,BJ and Bishop,CH}, 
year={2004}, 
journal=qj,
volume={130}, 
pages={233-258}}

@article{crw3short,
title={The {CRW} perspective on baroclinic 
instability. {P}art {III}: {PE} disturbances on the sphere},
author={Methven,J and Heifetz,E and Hoskins,BJ and Bishop,CH}, 
year={2005}, 
journal=qj,
volume={131}, 
pages={1393-1424}}

@article{crw4short,
title={The {CRW} perspective on baroclinic 
instability. {P}art {IV}: {N}onlinear life cycles},
author={Methven,J and Heifetz,E and Hoskins,BJ and Bishop,CH}, 
year={2005}, 
journal=qj,
volume={131}, 
pages={1425-1440}}

@article{crw5,
title={Relating optimal growth to counter-propagating 
{R}ossby waves in shear instability},
author={Heifetz,E and Methven,J}, 
year={2005}, 
journal=physf,
volume={17}, 
pages={064107}}

@article{held:85,
title={Pseudomomentum and the orthogonality of modes in shear flows},
author={Held,IM}, 
year={1985}, 
journal=jas,
volume={42}, 
pages={2280-2288}}

@article{held:93,
title={Large-scale dynamics and global warming},
author={Held,IM}, 
year={1993}, 
journal=bams,
volume={74}, 
pages={228-241}}

@article{held:a:83,
title={On the direction of the eddy momentum flux in baroclinic instability},
author={Held,IM and Andrews,DG}, 
year={1983}, 
journal=jas,
volume={40}, 
pages={2220-2231}}

@article{held:P:P:85,
title={Stationary external {R}ossby waves in vertical shear},
author={Held,IM and Panetta,RL and Pierrehumbert,RT}, 
year={1985}, 
journal=jas,
volume={42}, 
pages={865-883}}

@article{held:sqg,
title={Surface quasi-geostrophic dynamics},
author={Held,IM and Pierrehumbert,RT and Garner,ST and Swanson,KL}, 
year={1995}, 
journal=jfm,
volume={282}, 
pages={1-20}}

@article{held:s:99,
title={The surface branch of the zonally averaged mass transport
circulation in the troposphere},
author={Held,IM and Schneider,T},
year={1999}, 
journal=jas,
volume={56}, 
pages={1688-1697}}

@article{helmig:06,
title={Seasonal photochemistry and air transport in the {N}orth
{A}tlantic {R}egion as inferred from {NMHC} measurements
at {P}ico {M}ountain, {A}zores},
author={Helmig,D},
year={2006},
journal=jgr,
volume={this volume},
pages={}}

@article{hendon:salby,
title={The life-cycle of the {M}adden-{J}ulian oscillation},
author={Hendon,HH and Salby,ML}, 
year={1994}, 
journal=jas,
volume={51}, 
pages={2225-2237}}

@article{hewson:10,
title={Objective identification, typing and tracking of the complete life-cycles of cyclonic features at high spatial resolution},
author={Hewson,T and Titley,H}, 
year={2010}, 
journal={Met. Apps.},
volume={17}, 
pages={355-381}}

@article{hodges:96,
title={Spherical nonparametric estimators applied to the {UGAMP} model
		  integration for {AMIP}},
author={Hodges,K},
year={1996}, 
journal=mwr,
volume={124}, 
pages={2914-2932}}

@article{hoell:00,
title={Time-scale analysis of marine boundary layer aerosol evolution:
{L}agrangian case studies under clean and polluted cloudy conditions},
author={Hoell,C and O'Dowd,C and Osborne,S and Johnson,D},
year={2000}, 
journal=tel,
volume={52B}, 
pages={423-438}}

@article{hoerling:91,
title={Global objective tropopause analysis},
author={Hoerling,MP and Schaack,TK and Lenzen,AJ},
year={1991}, 
journal=mwr,
volume={119}, 
pages={1816-1831}}

@article{hoerling:93,
title={A global analysis of stratospheric-tropospheric exchange during
		  northern winter},
author={Hoerling,MP and Schaack,TK and Lenzen,AJ},
year={1993}, 
journal=mwr,
volume={121}, 
pages={162-172}}

@article{hollingsworth:76,
title={The effect of spherical geometry on momentum transports in
simple baroclinic flows},
author={Hollingsworth,A and Simmons,AJ and Hoskins,BJ},
year={1976}, 
journal=qj,
volume={102}, 
pages={901-911}}

@book{holton:book,
title={An introduction to dynamic meteorology},
author={Holton,JR},
year={1992},
publisher={Academic Press}}

@article{holton:95,
title={Stratosphere-troposphere exchange},
author={Holton,JR and Haynes,PH and McIntyre,ME and Douglass,AR and
		  Rood,RB and Pfister,L},
year={1995}, 
journal={Rev.Geophysics},
volume={33}, 
pages={403-439}}

@incollection{holtslag:02,
title={Boundary Layers: {M}odelling and Parameterisation},
author={Holtslag,AAM},
year={2002},
editor={Holton,J and Pyle,J and Curry,J},
booktitle={Encyclopaedia of Atmospheric Sciences},
publisher={Academic Press},
pages={253-261}}

@article{holzer:00,
title={Transit-time and tracer-age distributions in geophysical flows},
author={Holzer,M and Hall,TM},
year={2000}, 
journal=jas,
volume={57}, 
pages={3539-3558}}

@article{holzer:07,
title={Low-level transpacific transport},
author={Holzer,M and Hall,TM},
year={2007}, 
journal=jgr,
volume={112}, 
pages={D09103, doi:10.1029/2006JD007828}}

@article{honrath:96,
title={Transport of ozone precursors from the {A}rctic troposphere to the 
{N}orth {A}tlantic region},
author={Honrath,RE and Hamlin,AJ and Merrill,JT},
year={1996}, 
journal=jgr,
volume={101}, 
pages={29335-29351}}

@techreport{hortal,
title={Recent studies of semi-{L}agrangian advection at {ECMWF}},
author={Hortal,M},
year={1994},
institution={ECMWF}}

@article{hos:74, 
title={The role of potential vorticity in symmetric stability and
		  instability}, 
author={Hoskins,BJ}, 
year={1974}, 
journal=qj,
volume={100}, 
pages={480-482}}

@article{hos:75, 
title={The geostrophic momentum approximation and the semigeostrophic
equations},
author={Hoskins,BJ}, 
year={1975}, 
journal=jas,
volume={32}, 
pages={233-242}}

@article{hos:75b, 
title={A multi-layer spectral model and the semi-implicit method},
author={Hoskins,BJ and Simmons,AJ}, 
year={1975}, 
journal=qj,
volume={101}, 
pages={637-655}}

@article{hos:80, 
title={Representation of the {E}arth Topography Using
		  Spherical Harmonics},
author={Hoskins,BJ}, 
year={1980}, 
journal=mwr,
volume={108}, 
pages={111-115}}

@article{hos:82, 
title={The mathematical theory of frontogenesis},
author={Hoskins,BJ}, 
year={1982}, 
journal={Ann.Rev.Fluid Mech.},
volume={14}, 
pages={131-151}}

@incollection{hos:90,
title={Theory of extratropical cyclones},
author={Hoskins,BJ},
year={1990}, 
booktitle={Extratropical {C}yclones - {T}he {E}rik
{P}almen {M}emorial {V}olume}, 
publisher={Am. Met. Soc.},
pages={63-80}}

@article{hos:91,
title={Towards a {PV}-$\theta$ View of the General Circulation},
author={Hoskins,BJ},
year={1991},
journal=tel,
volume={43AB},
pages={27-35}}

@article{hos:berr,
title={A {PV} perpective on the storm of 15-16 {O}ctober 1987},
author={Hoskins,BJ and Berrisford,P},
year={1988},
journal={Weather},
volume={43},
pages={122-129}}

@article{hos:breth,
title={Atmospheric frontogenesis models: Mathematical formulation and
		  solution}, 
author={Hoskins,BJ and Bretherton,FP},
year={1972},
journal=jas,
volume={29},
pages={11-37}}

@article{hos:k:81,
title={The steady linear response of a spherical atmosphere to thermal
		  and orographic forcing},
author={Hoskins,BJ and Karoly,DJ},
year={1981},
journal=jas,
volume={38},
pages={1179-1196}}

@article{HMR,
title={On the use and significance of isentropic {PV} maps},
author={Hoskins,BJ and McIntyre,ME and Robertson,AW},
year={1985},
journal=qj,
volume={111},
pages={877-946}}

@article{hos:s:75,
title={A multi-layer spectral model and the semi-implicit method},
author={Hoskins,BJ and Simmons,AJ},
year={1975},
journal=qj,
volume={101},
pages={637-655}}

@article{hos:west, 
title={Baroclinic waves and frontogenesis. {P}art
{II}: {U}niform potential vorticity jet flows},
author={Hoskins,BJ and West,NV}, 
year={1979}, 
journal=jas,
volume={36}, 
pages={1663-1680}}

@article{hos:d:d, 
title={A new look at the omega equation},
author={Hoskins,BJ and Draghici,I and Davies,HC}, 
year={1978}, 
journal=qj,
volume={104}, 
pages={31-38}}

@article{hos:v:90,
title={On the existence of storm-tracks},
author={Hoskins,BJ and Valdes,PJ},
year={1990},
journal=jas,
volume={47},
pages={1854-1864}}

@article{hos:amb:93,
title={Rossby wave propagation on a realistic longitudinally varying flow},
author={Hoskins,BJ and Ambrizzi,T},
year={1993},
journal=jas,
volume={50},
pages={1661-1671}}

@article{hos:00,
title={The nature of singular vector growth and structure},
author={Hoskins,BJ and Buizza,R and Badger,J},
year={2000},
journal=qj,
volume={126},
pages={1565-1580}}

@article{hos:h:02,
title={New perspectives on the {N}orthern {H}emisphere winter storm tracks},
author={Hoskins,BJ and Hodges,KI},
year={2002},
journal=jas,
volume={59},
pages={1041-1061}}

@article{hos:p:j,
title={The omega equation and potential vorticity},
author={Hoskins,BJ and Pedder,M and Jones,DW},
year={2003},
journal=qj,
volume={129},
pages={3277-3303}}

@article{hos:c:05,
title={Moist singular vectors and the predictability of some high impact {E}uropean cyclones},
author={Hoskins,BJ and Coutinho,MM},
year={2005},
journal=qj,
volume={131},
pages={581-601}}

@techreport{hough:88,
title={The calculation of photolysis rates for use in global
tropospheric modelling studies},
author={Hough,AM},
year={1988},
number={R-13259},
institution={At. Energy Res. Estab., Her Majesty's Stn. Off., London}}

@article{hough:91,
title={Developement of a two-dimensional global tropspheric model:
{M}odel chemistry},
author={Hough,AM},
year={1991},
journal=jgr,
volume={96},
pages={7324-7362}}

@article{hunt:vass,
title={Kolmogorov's contributions to the physical and geometrical
		  understanding of small-scale turbulence and recent
		  developments},
author={Hunt,JCR and Vassilicos,JC},
year={1991},
journal=rsl,
volume={434},
pages={183-210}}

@article{hsu:plumb,
title={Nonaxisymmetric thermally driven circulations and upper-tropospheric 
monsoon dynamics},
author={Hsu,CJ and Plumb,RA},
year={2000},
journal=jas,
volume={57},
pages={1255-1276}}

@article{huang:99,
title={The balance of global angular momentum in a long-term
atmospheric data set},
author={Huang,H-P and Sardeshmukh,PD and Weickmann,KM},
year={1999},
journal=jgr,
volume={104(D2)},
pages={2031-2040}}

@article{huebert:96,
title={The {ASTEX/MAGE} experiment},
author={Huebert,BJ and Pszenny,A and Blomquist,B},
year={1996},
journal=jgr,
volume={101},
pages={4319-4329}}

@booklet{ipcc:01, 
key={{IPCC} {T}hird {A}ssessment {R}eport},
title={Climate Change 2001: {T}he scientific basis. {C}ontribution of
working group {I}}, 
howpublished={Intergovernmental {P}anel on {C}limate
{C}hange, {W}orld {M}eteorological {O}rganization}, 
year={2001}}

@article{ineson:08,
title={The role of the stratosphere in the {E}uropean climate response to {E}l {N}ino},
author={Ineson,S and Scaife,AA},
year={2008},
journal={Nature Geoscience},
volume={},
pages={doi:10.1038/NGEO381}}

@article{ineson:11,
title={Solar forcing of winter climate variability in the {N}orthern  {H}emisphere},
author={Ineson,S and Scaife,AA and Knight,JR and Manners,JC and Dunstone,NJ and Gray,LJ and Haigh,JD},
year={2011},
journal={Nature Geoscience},
volume={4},
pages={doi:10.1038/NGEO1282}}

@article{inverarity:t,
title={Correcting airborne temperature data for lags introduced by 
instruments with two-time-constant responses},
author={Inverarity,GW},
year={1999},
journal={J. Atmos. Oceanic Technol.},
volume={17},
pages={176-184}}

@article{IY95,
title={Non-linear aspects of a barotropically unstable polar vortex in
		  a forced-dissipative system: {F}low regimes and
		  tracer transport},
author={Ishioka,K and Yoden,S},
year={1995},
journal=japsoc,
volume={73},
pages={201-212}}

@article{iwasaki:89,
title={A diagnostic formulation for wave-mean flow interactions and {L}agrangian mean circulation  in a hybrid vertical coordinate of pressure and isentropes},
author={Iwasaki,T},
year={1989},
journal=japsoc,
volume={67},
pages={293-312}}

@article{jackson:98, 
title={Troposphere to stratosphere transport at low latitudes as studied
using {HALOE} observations of water vapour 1992-1997},
author={Jackson,DR and Driscoll,SJ and Highwood,EJ and Harries,JE and 
Russell~{III},JM},
year={1998}, 
journal=qj, 
volume={124},
pages={169-192}}

@article{jackson:01, 
title={Transport in the low latitude tropopause
zone diagnosed using particle trajectories}, 
author={Jackson,DR and Methven,J and Pope,V}, 
year={2001}, 
journal=jas, 
volume={58},
pages={173-192}}

@article{james:87,
title={Suppression of baroclinic instability in horizontally sheared flows},
author={James,IN}, 
year={1987}, 
journal=jas, 
volume={44},
pages={3710-3720}}

@book{james:book,
title={Introduction to circulating atmospheres},
author={James,IN},
year={1994},
publisher={Cambridge},
note={422 pp}}

@article{janicot:09,
title={Dynamics of the {W}est {A}frican {M}onsoon. {P}art {IV}: {A}nalysis of 25-90-day variability of convection and the role of the {I}ndian monsoon},
author={Janicot,S and Mounier,F and Hall,NMJ and Leroux,S and Sultan,B and Kiladis,G},
year={2009},
journal=jc,
volume={22},
pages={1541-1565}}

@techreport{jar:cub:79,
title={Horizontal diffusion experiments with the {ECMWF} spectral model},
author={Jarraud,M and Cubasch,U},
year={1979},
institution={ECMWF}}

@article{jenkin:97,
title={The tropospheric degradation of volatile organic compounds: {A}
		  protocol for mechanism development},
author={Jenkin,ME and Saunders,SM  and Pilling,MJ},
year={1997},
journal=atenv,
volume={31},
pages={81-104}}

@article{jenkin:00,
title={Ozone and other secondary photochemical pollutants:
chemical processes governing their formation in the planetary 
boundary layer},
author={Jenkin,ME and Clemitshaw,KC},
year={2000},
journal=atenv,
volume={34},
pages={2499-2527}}

@article{jin:hoskins,
title={The direct response to tropical heating in a baroclinic atmosphere},
author={Jin,F-F and Hoskins,BJ},
year={1995},
journal=jas,
volume={52},
pages={307-319}}

@article{jin:97a,
title={An equatorial ocean recharge paradigm for {ENSO}: {P}art {I}: {C}onceptual model},
author={Jin,F-F},
year={1997},
journal=jas,
volume={54},
pages={811-829}}

@article{jin:97b,
title={An equatorial ocean recharge paradigm for {ENSO}: {P}art {II}: {A} stripped-down coupled model},
author={Jin,F-F},
year={1997},
journal=jas,
volume={54},
pages={830-847}}

@article{jobson:98,
title={Spatial and temporal variability of nonmethane hydrocarbon mixing ratios and their relation to photochemical lifetime},
author={Jobson,BT and Parrish,DD and Goldan,P and Kuster,W and Fehsenfeld,FC
and Blake,DR and Blake,NJ and Niki,H},
year={1998},
journal=jgr,
volume={103},
pages={13557-13567}}

@article{jochum:04,
title={Tropical instability waves in the {A}tlantic {O}cean},
author={Jochum,M and Malanotte-Rizzoli,P and Busalacchi,A},
year={2004},
journal={Ocean Modelling},
volume={7},
pages={145-163}}

@article{jochum:07,
title={Observed horizontal temperature advection by tropical instability},
author={Jochum,M and Cronin,MF and Kessler,WS and Shea,D},
year={2007},
journal=grl,
volume={34},
pages={L09604,doi:10.1029/2007GL029416}}

@article{johnson:00,
title={An overview of the {L}agrangian experiments undertaken during the 
{N}orth {A}tlantic regional {A}erosol {C}haracterization {E}xperiment
({ACE}-2)},
author={Johnson,DG and Osborne,S and Wood,R and Suhre,K and Johnson,R 
and Businger,S},
year={2000},
journal=tel,
volume={52B},
pages={290-320}}

@article{johnson:01,
title={Isotopic composition of stratospheric water vapour: {I}mplications
for transport},
author={Johnson,DG and Jucks,KW and Traub,WA and Chance,KV},
year={2001},
journal=jgr,
volume={106},
pages={12219-12226}}

@article{joly:95,
title={The stability of steady fronts and the adjoint method: {N}onmodal
		  frontal waves},
author={Joly,A},
year={1995},
journal=jas,
volume={52},
pages={3082-3108}}

@article{jones:04,
title={Observational evidence of {A}frican desert dust intensification
of easterly waves},
author={Jones,C},
year={2004},
journal=grl,
volume={31},
pages={L17208, doi:10.1029/2004GL020107}}

@phdthesis{jones,
title={Effects of physical processes in baroclinic waves},
author={Jones,B},
year={1992},
school={Reading University}}

@article{joos:12,
title={Influence of microphysical processes on the potential vorticity
                  development in a warm conveyor belt: a case-study
                  with the limited-area model {COSMO}},
author={Joos,H and Wernli,H},
year={2012},
journal=qj,
volume={138},
pages={407-418}}

@article{joshi:06,
title={On the influence of stratospheric water vapor changes on the tropospheric circulation},
author={Joshi,MM and Charlton,AJ and Scaife,AA},
year={2006},
journal=grl,
volume={33},
pages={L09806, doi:10.1029/2006GL025983}}

@article{juckes:94,
title={Quasigeostrophic dynamics of the tropopause},
author={Juckes,MN},
year={1994},
journal=jas,
volume={51},
pages={2756-2768}}

@article{juckes:95,
title={Instability of surface and upper-tropospheric shear lines},
author={Juckes,MN},
year={1995},
journal=jas,
volume={52},
pages={3247-3262}}

@article{juckes:00,
title={Linear instability of broad baroclinic zones},
author={Juckes,MN},
year={2000},
journal=qj,
volume={126},
pages={1065-1098}}

@article{juckes:05,
title={The direct inversion method of data assimilation using isentropic
tracer advection},
author={Juckes,MN},
year={2005},
journal=acpd,
volume={5},
pages={8879-8923}}

@article{juckes:m,
title={A high-resolution one-layer model of breaking planetary waves
		  in the stratosphere},
author={Juckes,MN and McIntyre,ME},
year={1987},
journal={Nature},
volume={328},
pages={590-596}}

@booklet{era40:atlas,
title={{ERA-40 A}tlas.},
author={K{\aa}llberg,P and Berrisford,P and Hoskins,B and Simmons,A and Uppala,S and Lamy-Th\'{e}paut,S and Hine,R},
year={2005},
howpublished={ECMWF Re-Analysis Project Report Series, no. 19, 191 pp}
}

@inproceedings{kamga:07,
title={Verification of operational climate outlooks and the {H}adley {C}entre regional climate modelling system over {C}had}, 
author={Kamga Foamouhoue, A and Miambaye,M},
year={2007},
organization={2nd AMMA International Conference, Karlsruhe},
pages={214-215}}

@article{kennett:03,
title={Asymmetry and non-linearity in upper tropospheric humidity variability},
author={Kennett,EJ and Toumi,R},
year={2003},
journal=grl,
volume={30(22)},
pages={2161, doi:10.1029/2003GL018238}}

@article{kennett:05,
title={Temperature dependence of atmospheric moisture lifetime},
author={Kennett,EJ and Toumi,R},
year={2005},
journal=grl,
volume={32},
pages={L19806, doi:10.1029/2005GL023936}}

@article{kerkweg:08,
title={Technical Note: {S}imulation of detailed aerosol chemistry on
the global scale using {MECCA-AERO}},
author={Kerkweg,A and Sander,R and Tost,H and J\"{o}ckel,P and Lelieveld,J},
year={2007},
journal=acp,
volume={7},
pages={2973-2985}}

@article{kev:farge,
title={Vorticity filaments in two-dimensional turbulence: creation,
		  stability and effect},
author={Kevlahan,N and Farge,M},
year={1997},
journal=jfm,
volume={346},
pages={49-76}}

@article{khouider:06, 
title={A simple multicloud parametrization for convectively coupled tropical waves. {P}art {I}: {L}inear analysis},
author={Khouider,B and Majda,AJ},
year={2006}, 
journal=jas,
volume={63}, 
pages={1308-1323}}

@article{khouider:08, 
title={Equatorial convectively coupled waves in a simple multicloud model},
author={Khouider,B and Majda,AJ},
year={2008}, 
journal=jas,
volume={65}, 
pages={3376-3397}}

@article{kiladis:06,
title={Three-Dimensional Structure and Dynamics of African Easterly Waves. {P}art {I}: {O}bservations},
author={Kiladis,GN and Thorncroft,CD and Hall,NMJ},
year={2006},
journal=jas,
volume={63},
pages={2212-2230}}

@article{kiladis:09, 
title={Convectively coupled equatorial waves},
author={Kiladis,GN and Wheeler,MC and Haertel,PT and Straub,KH and Roundy,PE},
year={2009}, 
journal={Rev. of Geoophys.}, 
volume={47}, 
pages={RG2003}}

@article{kjellsson:13,
title={The atmospheric general circulation in thermodynamical coordinates},
author={Kjellsson,J and Doos,K and Laliberte,FB and Zika,JD},
year={2013},
journal=jas,
volume={},
pages={submitted}}

@article{kleiman:00,
title={Measurement and deduction of emissions of trichloroethene, 
tetrachloroethene, and trichloromethane in the northeastern United
States and southeastern Canada},
author={Kleiman,G and Prinn,RG},
year={2000},
journal=jgr,
volume={105},
pages={28,875-28,893}}

@article{kleinman:01,
title={Sensitivity of ozone production rate to ozone precursors},
author={Kleinman,LI and Daum,PH and Lee,Y-N and Nunnermacker,LJ and 
Springston,SR},
year={2001},
journal=grl,
volume={28},
pages={2903-2906}}

@article{kleissl:06,
title={The occurrence of upslope flows at {P}ico mountain-top observatory:
a case study of orographic flows on small, volcanic islands},
author={Kleissl,J},
year={2006},
journal=jgr,
volume={this volume},
pages={}}

@article{knippertz:00,
title={Changing cyclones and surface wind speeds over the {N}orth-{A}tlantic 
and {E}urope in a transient {GHG} experiment},
author={Knippertz,P and Ulbrich,U and Speth,P},
year={2000},
journal={Climate Res.},
volume={15(2)},
pages={109-122}}

@book{knowles:84,
title={Andragogy in action: {A}pplying modern principles of adult learning},
author={Knowles,M},
year={1984},
publisher={Jossey-Bass, London}}

@article{kodama:07,
title={Changes in the stratospheric mean meridional circulation due to increased {CO}$_2$ - {R}adiation and {SST}-induced effects},
author={Kodama,C and Iwasaki,T and Shibata,K and Yukimoto,S},
year={2007},
journal=jgr,
volume={},
pages={}}

@book{kolb:84, 
title={Experiential learning experience as the source of learning and development},
author={Kolb,D}, 
year={1984}, 
publisher={Prentice-Hall, Englewood Cliffs, NJ, USA}}

@article{kol:58,
title={A new invariant for transitive dynamical systems},
author={Kolmogorov,AN},
year={1958},
journal={Dokl.Akad.Nauk SSSR},
volume={119},
pages={861}}

@article{koshyk:99,
title={The kinetic energy spectrum of horizontal motions in 
middle-atmosphere models},
author={Koshyk,JN and Boville,BA and Hamilton,K and Manzini,E and Shibata,K},
year={1999},
journal=jgr,
volume={},
pages={}}

@article{kowol:01,
title={Tracer analysis of transport from the boundary layer to the free troposphere}, 
author={Kowol-Santen,J and Beekman,M and Schmitgen,S and Dewey,K},
year={2001},
journal=grl,
volume={28},
pages={2907-2910}}

@article{kraichnan:67,
title={Inertial ranges in 2-{D} turbulence},
author={Kraichnan,RH},
year={1967},
journal=physf,
volume={10},
pages={1417-1423}}

@inproceedings{kreitz:94,
title={Air stream analysis : an objective way to diagnose the
		  evolution of important structures in occluded
		  cyclones}, 
author={Kreitzberg,C and Cohen,R},
year={1994},
booktitle={The Life Cycles of Extratropical Cyclones},
organization={International Symposium, Bergen},
volume={2},
pages={469-474}}

@article{kushner:98, 
title={Coupled {K}elvin-wave and mirage-wave instabilities in
semigeostrophic dynamics},
author={Kushner,PJ and McIntyre,ME and Shepherd,TG},
year={1998}, 
journal=jpo, 
volume={28}, 
pages={513-518}}

@article{kushner:h:99, 
title={Potential vorticity thickness fluxes and wave-mean flow interaction},
author={Kushner,PJ and Held,IM},
year={1999}, 
journal=jas, 
volume={56}, 
pages={948-958}}

@article{kushner:p:03, 
title={Stratosphere-troposphere coupling in a relatively simple {AGCM}:
{T}he role of eddies},
author={Kushner,PJ and Polvani,LM},
year={2003}, 
journal=jc, 
volume={}, 
pages={submitted}}

@article{kushnir:87, 
title={Retrograding wintertime low-frequency disturbances over the {N}orth
{P}acific {O}cean},
author={Kushnir,Y},
year={1987}, 
journal=jas, 
volume={44}, 
pages={2727-2742}}

@article{laing:08, 
title={The propagation and diurnal cycles of deep convection in northern tropical {A}frica},
author={Laing, AG and Carbone,R and Levizzani,V and Tuttle, J},
year={2008}, 
journal=qj, 
volume={134}, 
pages={93-109}}

@article{lait:94, 
title={An alternative form for {PV}},
author={Lait,L},
year={1994}, 
journal=jas, 
volume={51}, 
pages={1754-1759}}

@article{lambert:95, 
title={The effect of enhanced greenhouse gas warming on winter cyclone
frequencies and strengths},
author={Lambert,SJ},
year={1995}, 
journal=jc, 
volume={8}, 
pages={1447-1452}}

@phdthesis{lander,
title={The Interaction of Numerics and Physics in a Spectral Transform
		  {GCM}}, 
author={Lander,J},
year={1994},
school={Reading University}}
		  
@article{lander:h:96, 
title={Believable scales and parameterizations in a spectral transform
		  model}, 
author={Lander,J and Hoskins,BJ},
year={1996}, 
journal=mwr, 
volume={125}, 
pages={292-303}}

@article{lapeyre:04, 
title={The role of moisture in the dynamics and energetics of turbulent baroclinic eddies},
author={Lapeyre,G and Held,IM},
year={2004}, 
journal=jas, 
volume={61}, 
pages={1693-1710}}

@article{lappen:r:1, 
title={Toward a unified parameterization of the boundary layer and moist
convection. {P}art {I}: {A} new type of mass-flux model},
author={Lappen,C-L and Randall,DA},
year={2001}, 
journal=jas, 
volume={58}, 
pages={2021-2036}}

@article{lappen:r:2, 
title={Toward a unified parameterization of the boundary layer and moist
convection. {P}art {II}: {L}ateral mass exchanges and subplume-scale fluxes},
author={Lappen,C-L and Randall,DA},
year={2001}, 
journal=jas, 
volume={58}, 
pages={2037-2051}}

@article{lary:95,
title={Three-dimensional tracer initialization and general diagnostics
using equivalent {PV} latitude--potential temperature coordinates},
author={Lary,DJ and Chipperfield,MP and Pyle,JA and Norton,WA and
Riish\mbox{\o}jgaard,LP},
year={1995}, 
journal=qj, 
volume={121}, 
pages={187-210}}

@article{law:p:93, 
title={Modeling trace gas budgets in the troposphere. 1, {O}zone and
		  odd nitrogen},
author={Law,KS and Pyle,JA},
year={1993}, 
journal=jgr, 
volume={98}, 
pages={18,377-18,400}}

@article{law:n:96, 
title={Sensitivity of the methane growth rate to changes in methane
		  emissions from natural gas and coal},
author={Law,KS and Nisbet,EG},
year={1996}, 
journal=jgr, 
volume={101}, 
pages={14387-14397}}

@article{law:98, 
title={Evaluation of modelled ozone using {MOZAIC} data},
author={Law,KS and Plantevin,P-H and Shallcross,DE and Rogers,HL and
Pyle,JA and Grouhel,C and Thouret,V and Marenco,A},
year={1998}, 
journal=jgr, 
volume={103}, 
pages={25721-25741}}

@article{lawrence:00, 
title={Evidence for {R}ossby wave control of tropical instability waves in the {P}acific {O}cean},
author={Lawrence,SP and Angell,JP},
year={2000}, 
journal=grl, 
volume={27}, 
pages={2257-2260}}

@inproceedings{lee:95, title={Baroclinic life cycles in wave packets
		  of an aqua-planet {GCM}},   
author={Lee,S and Feldstein,SB}, 
year={1995},
booktitle={Tenth conference on atmospheric and oceanic waves and
		  stability},  
organization={{AMS}}, 
pages={58-59}}

@article{lee:97,
title={On the eddy transfer of tracers: {A}dvective of diffusive?},
author={Lee,M-M and Marshall,DP and Williams,RG},
year={1997}, 
journal={J. Marine Res.}, 
volume={55}, 
pages={483-505}}

@article{lee:03,
title={The Dynamical Relationship between Subtropical and Eddy-Driven Jets},
author={Lee,S and Kim,H},
year={2003}, 
journal=jas,
volume={60}, 
pages={1490-1503}}

@article{legras:d:93, 
title={Vortex stripping and the generation of high vorticity gradients in 
2-{D} flows},
author={Legras,B and Dritschel,D},
year={1993}, 
journal={Appl. Sci. Res.}, 
volume={51}, 
pages={445-455}}

@article{legras:01, 
title={The erosion of a distributed 2{D} vortex in a background 
straining flow},
author={Legras,B and Dritschel,DG and Caillol,P},
year={2001}, 
journal=jfm, 
volume={441}, 
pages={369-398}}

@article{legras:03, 
title={Vertical diffusivity in the lower stratosphere from {L}agrangian
back trajectory reconstructions of ozone profiles},
author={Legras,B and Joseph,B and Lefevre,F},
year={2003}, 
journal=jgr, 
volume={108}, 
pages={4562, doi:10.1029/2002JD003045}}

@article{legras:05, 
title={Variability of the {L}agrangian turbulent diffusion
in the lower stratosphere},
author={Legras,B and Pisso,I and Berthet,G and Lefevre,F},
year={2005}, 
journal=acp, 
volume={5}, 
pages={1605-1622}}

@article{lehmann:05, 
title={Statistical analysis of the precision of the {M}atch method},
author={Lehmann,R and von der Gathen,P and Rex,M and Streibel,M},
year={2005}, 
journal=acp, 
volume={5}, 
pages={2713-2727}}

@article{lelieveld:dentener, 
title={What controls tropospheric ozone?},
author={Lelieveld,J and Dentener,FJ},
year={2000}, 
journal=jgr,
volume={105(D3)}, 
pages={3531-3551}}

@incollection{lemone:02,
title={Convective boundary layers},
author={LeMone,MA},
year={2002},
editor={Holton,J and Pyle,J and Curry,J},
booktitle={Encyclopaedia of Atmospheric Sciences},
publisher={Academic Press},
pages={244-253}}

@article{leroux:09,
title={On the Relationship between African Easterly Waves and the African Easterly Jet},
author={Leroux,S and Hall,NMJ},
year={2009},
journal=jas,
volume={66},
pages={2303-2316}}

@book{leveque,
title={Finite difference methods for ordinary and partial differential equations},
author={LeVeque,RJ},
year={2007},
publisher={SIAM},
note={341 pp}}

@article{lewis:07,
title={Chemical composition observed over the mid-{A}tlantic and the detection of pollution signatures far from source regions},
author={Lewis,AC and Evans,MJ and Methven,J and Watson,N and Lee,JD and Hopkins,JR and Purvis,RM and Arnold,SR and McQuaid,JB and Whalley,LK and Pilling,MJ and Heard,DE and Monks,PS and Parker,AE and Reeves,CE and Oram,DE and Mills,G and Bandy,BJ and Stewart,D and Coe,H and Williams,PI and Crosier,J},
year={2007},
journal=jgr,
volume={112},
pages={D10S39, doi:10.1029/2006JD007584}}

@article{liberato:07,
title={Wave energy associated with the variability of the stratospheric polar vortex},
author={Liberato,MLR and Castanheira,JM and de la Torre,L and DaCamara,CC and Gimeno,L},
year={2007},
journal=jas,
volume={64},
pages={2683-2694}}

@inproceedings{lighthill:63,
title={Boundary layer theory},
author={Lighthill,MJ},
year={1963},
booktitle={Laminar boundary layers},
organization={Oxford U Press},
editor={L. Rosenhead},
pages={46-113}}

@article{lindzen:90, 
title={Some coolness concerning global warming},
author={Lindzen,RS},
year={1990}, 
journal=bams, 
volume={71}, 
pages={288-299}}

@article{lindzen:93, 
title={Baroclinic neutrality and the tropopause},
author={Lindzen,RS},
year={1993}, 
journal=jas, 
volume={50}, 
pages={1148-1151}}

@article{lindzen:t:78, 
title={Wave overreflection and shear instability},
author={Lindzen,RS and Tung,KK},
year={1978}, 
journal=jas, 
volume={35}, 
pages={1626-1632}}

@article{lindzen:80, 
title={The concept of wave overreflection and its application to
		  baroclinic instability},
author={Lindzen,RS and Farrell,B and Tung,KK},
year={1980}, 
journal=jas, 
volume={37}, 
pages={44-63}}

@article{lindzen:f:80, 
title={A simple approximate result for the maximum growth rate of 
baroclinic instabilities},
author={Lindzen,RS and Farrell,B},
year={1980}, 
journal=jas, 
volume={37}, 
pages={1648-1654}}

@article{lindzen:iris, 
title={Does the {E}arth have an adaptive infrared iris?},
author={Lindzen,RS and Chou,M-D and Hou,AY},
year={2001}, 
journal=bams, 
volume={82}, 
pages={417-432}}

@article{liu:10,
title={Advection=condensation paradigm for stratospheric water vapour},
author={Liu,YS and Fueglistaler,S and Haynes,PH},
year={2010}, 
journal=jgr,
volume={115}, 
pages={D24307, doi:10.1029/2010JD014352}}

@article{lorenz:60,
title={Energy and numerical weather prediction},
author={Lorenz,EN},
year={1960}, 
journal=tel,
volume={XII, 4}, 
pages={364-373}}

@article{lorenz:63,
title={Deterministic nonperiodic flow},
author={Lorenz,EN},
year={1963}, 
journal=jas,
volume={20}, 
pages={130-141}}

@article{lorenz:69,
title={The predictability of a flow which possesses many scales of motion},
author={Lorenz,EN},
year={1969}, 
journal=tel,
volume={21}, 
pages={1-19}}

@article{lott:12,
title={Gravity waves generated by sheared 3-{D} potential vorticity anomalies},
author={Lott,F and Plougonven,R and Vanneste,J},
year={2012}, 
journal=jas,
volume={69}, 
pages={2134-2151}}

@article{lowe:00,
title={Low-dimensional manifolds and reduced chemical models for
tropospheric chemistry simulations},
author={Lowe,R and Tomlin,A},
year={2000}, 
journal=atenv,
volume={34}, 
pages={2425-2436}}

@article{mccarthy:04, 
title={Observed interannual variability of tropical troposphere relative humidity},
author={McCarthy, MP and Toumi,R},
year={2004}, 
journal=jc,
volume={17}, 
pages={3181-3191}}

@article{mcintyre:70, 
title={On the non-separable baroclinic parallel flow instability problem},
author={McIntyre,ME},
year={1970}, 
journal=jfm,
volume={40}, 
pages={273-306}}

@article{mcintyre:80a, 
title={Towards a {L}agrangian-mean description of stratospheric circulations
and chemical transports},
author={McIntyre,ME},
year={1980}, 
journal={Phil. Trans. R. Soc. Lond.}, 
volume={A296}, 
pages={129-148}}

@article{mcintyre:80b, 
title={An introduction to the generalized {L}agrangian-mean description
of wave, mean-flow interaction},
author={McIntyre,ME},
year={1980}, 
journal={Pure Appl. Geophys.}, 
volume={118}, 
pages={152-176}}

@inproceedings{mcintyre:92,
title={Atmospheric dynamics: some fundamentals with observational
		  implications},
author={McIntyre,ME},
year={1992},
booktitle={`Enrico Fermi' CXV Course},
organization={International School of Physics},
editor={Gille,JC and Visconti,G},
publisher={North-Holland},
pages={313-386}}

@article{mcintyre:w:78, 
title={On radiating instabilities and resonant overreflection},
author={McIntyre,ME and Weissman,MA},
year={1978}, 
journal=jas,
volume={35}, 
pages={1190-1196}}

@article{mci:palmer:84, 
title={The `surf zone' in the stratosphere},
author={McIntyre,ME and Palmer,TN},
year={1984}, 
journal={J.Atmos.Terr.Phys.}, 
volume={46}, 
pages={825-849}}

@article{ms87, 
title={An exact local conservation theorem for finite-amplitude disturbances 
to non-parallel shear flows, with remarks on {H}amiltonian structure
and on {A}rnol'd's stability theorems},
author={McIntyre,ME and Shepherd,TG},
year={1987}, 
journal=jfm, 
volume={181}, 
pages={527-565}}

@article{mcintyre:n:00, 
title={Potential vorticity inversion on a hemisphere},
author={McIntyre,ME and Norton,WA},
year={2000}, 
journal=jas, 
volume={57}, 
pages={1214-1235}}

@article{mckenna:97,
title={Analytic solutions of reaction diffusion equations and implications
for the concept of an air parcel},
author={McKenna,DS},
year={1997}, 
journal=jgr, 
volume={102(D12)}, 
pages={13719-13725}}

@article{mctaggart:03,
title={Moist component potential vorticity},
author={McTaggart-Cowan,R and Gyakum,JR and Yau,MK},
year={2003}, 
journal=jas, 
volume={60}, 
pages={166-177}}

@article{mctaggart:08,
title={Climatology of tropical cyclogenesis in the {N}orth {A}tlantic (1948-2004)},
author={McTaggart-Cowan,R and Deane,GD and Bosart,LF and Davis,CA and Galarneau-Jr.,TJ},
year={2008}, 
journal=mwr, 
volume={136}, 
pages={1284-1304}}

@article{mctaggart:13,
title={A global climatology of baroclinicallly influenced tropical cyclogenesis},
author={McTaggart-Cowan,R and Galarneau-Jr.,TJ and Bosart,LF and Moore,RW and Martius,O},
year={2013}, 
journal=mwr, 
volume={Early view}, 
pages={}}

@article{macvean, 
title={The effects of horizontal diffusion on baroclinic development
		  in a spectral model},
author={MacVean,MK},
year={1983}, 
journal=qj, 
volume={109}, 
pages={771-783}}

@article{madonna:14a, 
title={Warm conveyor belts in the {ERA-I}nterim dataset (1979-2010). {P}art {I}: {C}limatology and potential vorticity evolution},
author={Madonna,E and Wernli,H and Joos,H and Martius,O},
year={2014}, 
journal=jc, 
volume={27}, 
pages={3-26}}

@article{majda:04, 
title={A Model for Convectively Coupled Tropical Waves: {N}onlinearity, Rotation, and Comparison with Observations},
author={Majda,AJ and Khouider,B and Kiladis,GN and Straub,KH and Shefter,MG},
year={2004}, 
journal=jas, 
volume={61}, 
pages={2188-2205 }}

@article{majda:04short, 
title={A Model for Convectively Coupled Tropical Waves},
author={Majda,AJ and Khouider,B and Kiladis,GN and Straub,KH and Shefter,MG},
year={2004}, 
journal=jas, 
volume={61}, 
pages={2188-2205 }}

@article{m:h:96, 
title={Wave activity diagnostics applied to baroclinic wave life cycles},
author={Magnusdottir,G and Haynes,PH},
year={1996}, 
journal=jas, 
volume={53}, 
pages={2317-2353}}

@book{mandelbrot:82,
title={The fractal geometry of nature},
author={Mandelbrot,BB}, 
year={1982},
publisher={New York: W.H.Freeman},
note={468 pp}}

@article{manney:87, 
title={On the relation of $6.7\mu m$ water vapour features to
		  isentropic distributions of {PV}},
author={Manney,GL and Stanford,JL},
year={1987}, 
journal=qj, 
volume={113}, 
pages={1048-1057}}

@article{manney:11, 
title={Jet characterization in the UTLS: applications to climatology and transport studies},
author={Manney,GL and Hegglin,MI and Daffer,WH and Santee,ML and Ray,EA and Pawson,S and Schwartz,MJ and Boone,CD and Froidevaux,L and Livesey,NJ and Read,WG and Walker,KA},
year={2011}, 
journal=acp, 
volume={11}, 
pages={6115-6137}}

@article{mapes:z, 
title={Radiative-dynamical consequences of dry tongues in the tropical 
troposphere}, 
author={Mapes,BE and Zuidema,P},
year={1996}, 
journal=jas, 
volume={53}, 
pages={620-638}}

@article{mapes:00, 
title={Convective inhibition, subgridscale triggering energy and "stratiform instability" in a toy tropical wave model},
author={Mapes,BE},
year={2000}, 
journal=jas, 
volume={57}, 
pages={1515-1535}}

@article{mariotti:97, 
title={Comparison between vertical ozone soundings and reconstructed 
potential vorticity maps by contour advection with surgery},
author={Mariotti,A and Moustaoui,M and Legras,B and Teitelbaum,H},
year={1997}, 
journal=jgr, 
volume={102}, 
pages={6131-6142}}

@book{marsden:tromba,
title={Vector Calculus},
author={Marsden and Tromba},
year={1981},
publisher={Freeman}}

@article{oma:wcb:13, 
title={The dichotomous structure of the warm conveyor belt},
author={Martinez-Alvarado,O and Joos,H and Chagnon,J and Boettcher,M and Gray,SL and Plant,RS and Methven,J and Wernli,H},
year={2013}, 
journal=qj, 
volume={Early View}, 
pages={doi: 10.1002/qj.2276}}

@article{oma:sj:13, 
title={Objective detection of sting jets in low-resolution datasets},
author={Martinez-Alvarado,O and Gray,SL and Clark,PA and Baker,LH},
year={2013}, 
journal={Meteorol. Apps.}, 
volume={20}, 
pages={41-55}}

@article{marton:76, 
title={On qualitative differences in learning - 1:{O}utcome and process},
author={Marton,F and S\"{a}lj\"{o},R},
year={1976}, 
journal={British J. Educational Psychology}, 
volume={46}, 
pages={4-11}}

@article{maryon:b:95, 
title={Tropospheric dispersion: the first ten days after a puff release},
author={Maryon,RH and Buckland,AT},
year={1995}, 
journal=qj, 
volume={121}, 
pages={1799-1833}}

@article{maslowe:91,
title={Barotropic instability of the {B}ickley jet},
author={Maslowe,SA},
year={1991}, 
journal=jfm, 
volume={229}, 
pages={417-426}}

@article{mason:89, 
title={Large eddy simulation of the convective atmospheric boundary
		  layer}, 
author={Mason,PJ},
year={1989}, 
journal=jas, 
volume={46}, 
pages={1492-1516}}

@article{matsuno:66, 
title={A Finite Differencc Scheme for Time Integrations of Oscillatory Equations With Second Order Accuracy and Sharp Cutoff for High Frequencies},
author={Matsuno,T},
year={1966}, 
journal=japsoc, 
volume={44}, 
pages={85-88}}

@article{matthews:04, 
title={Intraseasonal variability over {T}ropical {A}frica during {N}orthern summer}, 
author={Matthews,A},
year={2004}, 
journal=jc, 
volume={17}, 
pages={2427-2440}}

@article{mauritsen:04, 
title={Blocking prediction in an ensemble forecasting system},
author={Mauritsen,T and Kallen,E},
year={2004}, 
journal=tel, 
volume={56A}, 
pages={218-228}}

@article{melander:87, 
title={Axisymmetrization and vorticity-gradient intensification
of an isolated 2-{D} vortex through filamentation},
author={Melander,MV and McWilliams,JC and Zabusky,NJ},
year={1987}, 
journal=jfm, 
volume={178}, 
pages={137-159}}

@article{merrill:94, 
title={Isentropic airflow probability analysis},
author={Merrill,JT},
year={1994}, 
journal=jgr, 
volume={99}, 
pages={25,881-25,889}}

@article{mekonnen:06, 
title={Analysis of Convection and Its Association with African Easterly Waves},
author={Mekonnen,A and Thorncroft,CD and Aiyyer, AR},
year={1994}, 
journal=jc, 
volume={19}, 
pages={5405-5421}}

@article{mekonnen:08, 
title={Convectively coupled {K}elvin waves over {T}ropical {A}frica during the boreal summer: {S}tructure and variability},
author={Mekonnen,A and Thorncroft,CD},
year={2008}, 
journal=jc, 
volume={21}, 
pages={6649-6667}}

@Article{Mes77,
	author =  {Mesinger, F.},
	title  = 	{Forward-Backward Scheme, and its Use in a Limited Area Model},
	journal = {Contributions to Atmospheric Physics},
	year =    {1977},
	volume = 	{50},
	pages =   {200-210},
}

@phdthesis{meth:phd,
title={Tracer behaviour in baroclinic waves},
author={Methven,J},
year={1996},
school={Reading University}}
		  
@techreport{meth:44,
title={Offline trajectories: {C}alculation and accuracy},
author={Methven,J},
year={1997},
number={44},
pages={18},
institution={U.K. Univ. Global Atmos. Modelling
		  Prog.},
address={Dept. of Meteorol., Univ. of Reading, U.K.}} 


@article{spiral:1, 
title={Spirals in potential vorticity. {P}art {I}: {M}easures of
		  structure}, 
author={Methven,J and Hoskins,BJ},
year={1998}, 
journal=jas, 
volume={55}, 
pages={2053-2066}}

@article{spiral:2, 
title={Spirals in potential vorticity. {P}art {II}: {S}tability},
author={Methven,J},
year={1998}, 
journal=jas, 
volume={55}, 
pages={2067-2079}}

@article{tsf, 
title={The advection of high resolution tracers by low resolution
		  winds}, 
author={Methven,J and Hoskins,BJ},
year={1999}, 
journal=jas, 
volume={56}, 
pages={3262-3285}}

@techreport{lag:clim,
title={A {L}agrangian climatology for the {N}orth {A}tlantic},
author={Methven,J and Berrisford,P and Hoskins,B},
year={1999},
number={9},
pages={99},
institution={Hadley Centre},
address={Meteorol. Off., Bracknell, U.K.}}

@article{origin, 
title={Estimating relationships between air-mass origin and chemical 
composition},
author={Methven,J and Evans,M and Simmonds,P and Spain,G},
year={2001}, 
journal=jgr, 
volume={106}, 
pages={5005-5019}}

@article{qgsw, 
title={The influence of {PV} inversion on polar vortex dynamics and passive 
tracer simulations in atmosphere-like regimes},
author={Methven,J},
year={2003}, 
journal=qj, 
volume={129}, 
pages={1191-1215}}

@article{domave, 
title={Estimating photochemically produced ozone throughout a domain using
flight data and a {L}agrangian model},
author={Methven,J and Arnold,SR and O'Connor,FM and Barjat,H and Dewey,K
and Kent,J and Brough,N},
year={2003}, 
journal=jgr, 
volume={108(D9)}, 
pages={4271, doi:10.1029/2002JD002955}}

@article{lagmatch, 
title={Establishing {L}agrangian connections between observations within air masses crossing the {A}tlantic during the {ICARTT} experiment},
author={ Methven, J and Arnold, SR and Stohl, A and Evans, MJ and Avery, M and Law, K and Lewis, AC and Monks, PS and Parrish, DD and Reeves, C and Schlager, H and Atlas, E and Blake, DR and Coe, H and Crosier, J and Flocke, FM and Holloway, JS and Hopkins, JR and McQuaid, J and Purvis, R and Rappengluck, B and Singh, HB and Watson, NM and Whalley, LK and Williams, PI},
year={2006}, 
journal=jgr, 
volume={111}, 
pages={D23S62, doi:10.1029/2006JD007540}}

@article{methven:08, 
title={Comments on "{P}iecewise {P}otential {V}orticity {I}nversion: {E}lementary tests},
author={Methven,J and de Vries,H},
year={2008}, 
journal=jas, 
volume={65}, 
pages={3003-3008}}

@inproceedings{methven:10, 
title={Diagnostics of the Extratropics},
author={Methven,J},
year={2010},
booktitle={ECMWF Seminar 2009 on Diagnosis of Forecasting and Data Assimilation Systems}, 
organization={{ECMWF}},
pages={25-51}}

@article{methven:13, 
title={Wave activity for large amplitude disturbances described by the primitive equations on the sphere},
author={Methven,J},
year={2013}, 
journal=jas, 
volume={70}, 
pages={1616-1630}}

@article{miles:64, 
title={A note on {C}harney's model of zonal-wind instability},
author={Miles,JW},
year={1964}, 
journal=jas, 
volume={21}, 
pages={451-452}}

@article{minschwaner:96, 
title={Bulk properties of isentropic mixing into the tropics
in the lower stratosphere},
author={Minschwaner,K and Dessler,AE and Elkins,JW and Volk,CM and
Fahey,DW and Loewenstein,M and Podolske,JR and Roche,AE and Chan,KR},
year={1996}, 
journal=jgr, 
volume={101}, 
pages={9433-9439}}

@article{moheb:mci:a,
title={Local mass conservation and velocity splitting in {PV}-based balanced models. {P}art {I}: {T}he hyperbalance equations},
author={Mohebalhojeh,AR and McIntyre,ME},
year={2007},
journal=jas,
volume={64},
pages={1782-1793}}

@inproceedings{molteni:13, 
title={Understanding teleconnections with the {I}ndo-{P}acific region during the northern winter},
author={Molteni,F and Stockdale,T and Vitart,F},
year={2013},
booktitle={ECMWF Seminar 2012 on Seasonal Prediction}, 
organization={{ECMWF}},
pages={1-26}}

@article{moore:08,
title={The integral role of a diabatic {R}ossby vortex in a heavy snowfall event},
author={Moore,RW and Montgomery,MT and Davies,HW},
year={2008},
journal=mwr,
volume={136},
pages={1878-1897}}

@inproceedings{morgan:95, 
title={An observationally and dynamically determined basic state for
		  the study of synoptic scale waves},
author={Morgan,MC},
year={1995},
booktitle={Tenth conference on atmospheric and oceanic waves and
		  stability}, 
organization={{AMS}},
pages={17-18}}

@article{morgan:98,
title={Using Tropopause Maps to Diagnose Midlatitude Weather Systems},
author={Morgan,MC and Nielsen-Gammon,JW},
year={1998},
journal=mwr,
volume={126},
pages={2555-2579}}

@article{morgan:02,
title={Diagnosis of optimal perturbation evolution in the {E}ady model},
author={Morgan,MC and Chen,C-C},
year={2002},
journal=jas,
volume={59},
pages={169-185}}

@inproceedings{morse:09, 
title={Seasonal Forecasting in Africa: Mosquitoes, malaria and multi-model ensembles},
author={Morse,AP},
year={2009},
booktitle={Royal Meteorological Society meeting, London}, 
organization={{}},
pages={}}

@article{muller:89,
title={An unsung mechanism for frontogenesis and cyclogenesis},
author={Muller,JC and Davies,HC and Schar,C},
year={1989},
journal=jas,
volume={46},
pages={3664-3672}}

@article{munk:50,
title={On the wind-driven ocean circulation},
author={Munk,WH},
year={1950},
journal={J. Meteorol.},
volume={7},
pages={79-93}}

@article{murphy:89,
title={Time offsets and power spectra of the {ER}-2 data set from the
		  1987 {A}irborne {A}ntarctic {O}zone {E}xperiment},
author={Murphy,DM},
year={1989},
journal=jgr,
volume={94},
pages={16737-16748}}

@article{murphy:93,
title={Reactive nitrogen and its correlation with ozone in the lower 
stratosphere and upper troposphere},
author={Murphy,DM and Fahey,DW and Proffitt,MH and Liu,SC and Chan,KR
and Eubank,CS and Kawa,SR and Kelly,KK},
year={1993},
journal=jgr,
volume={98},
pages={8751-8773}}

@article{mushgrave:85,
title={A numerical study of the roles of subgyre-scale mixing and the western 
boundary current on homogenisation of a passive tracer},
author={Mushgrave,DL},
year={1985},
journal=jgr,
volume={90},
pages={7037-7043}}

@article{nakamura:88, 
title={Scale selection of baroclinic instability - effects of stratification
and nongeostrophy},
author={Nakamura,N},
year={1988}, 
journal=jas, 
volume={45}, 
pages={3253-3267}}

@article{nakamura:92, 
title={Mid-winter suppression of baroclinic wave activity in the {P}acific},
author={Nakamura,H},
year={1992}, 
journal=jas, 
volume={49}, 
pages={1629-1642}}

@article{nakamura:93, 
title={Momentum flux, flow symmetry, and the nonlinear barotropic governor},
author={Nakamura,N},
year={1993}, 
journal=jas, 
volume={50}, 
pages={2159-2179}}

@article{nakamura:95, 
title={Modified {L}agrangian-mean diagnostics of the stratospheric polar 
vortices. {P}art {I}: {F}ormulation and analysis in {GFDL} {SKYHI} {GCM}}, 
author={Nakamura,N},
year={1995}, 
journal=jas, 
volume={52}, 
pages={2096-2108}}

@article{nakamura:96, 
title={2-{D} mixing, edge formation, and permeability diagnosed in an
		  area coordinate},
author={Nakamura,N},
year={1996}, 
journal=jas, 
volume={53}, 
pages={1524-1537}}

@article{nakamura:98, 
title={Baroclinic-barotropic adjustments in a meridionally wide domain},
author={Nakamura,N},
year={1998}, 
journal=jas, 
volume={}, 
pages={}}

@article{nakamura:10, 
title={Finite-amplitude wave activity and mean flow adjustments in the atmospheric general circulation. {P}art {I}: {Q}uasigeostrophic theory and analysis},
author={Nakamura,N and Solomon,A},
year={2010}, 
journal=jas, 
volume={67}, 
pages={3967-3983}}

@article{nakamura:11, 
title={Finite-amplitude wave activity and mean flow adjustments in the atmospheric general circulation. {P}art {II}: {A}nalysis in the isentropic coordinate},
author={Nakamura,N and Solomon,A},
year={2011}, 
journal=jas, 
volume={68}, 
pages={2783-2799}}

@article{nak:held, 
title={Nonlinear equilibration of 2-{D} {E}ady waves},
author={Nakamura,N and Held,IM},
year={1989}, 
journal=jas, 
volume={46}, 
pages={3055-3064}}

@article{nak:plumb, 
title={The effects of flow asymmetry on the direction of {R}ossby wave
		  breaking},
author={Nakamura,M and Plumb,RA},
year={1994}, 
journal=jas, 
volume={51}, 
pages={2031-2045}}

@article{nash:96, 
title={An objective determination of the polar vortex using {E}rtel's 
potential vorticity},
author={Nash,ER and Newman,PA and Rosenfield,JE and Schoeberl,MR},
year={1996}, 
journal=jgr, 
volume={101}, 
pages={9471-9478}}

@article{nas:85, 
title={A climatology of atmospheric wavenumber spectra of wind and
		  temperature observed by commercial aircraft},
author={Nastrom,GD and Gage,KS},
year={1985}, 
journal=jas, 
volume={42}, 
pages={950-960}}

@article{neale:h:a, 
title={A standard test for {AGCM}s including their physical parametrizations. 
{I}: {T}he proposal},
author={Neale,RB and Hoskins,BJ},
year={2001}, 
journal=asl, 
volume={1}, 
pages={doi:10.1006/asle.2000.0019}}

@article{neale:h:b, 
title={A standard test for {AGCM}s including their physical parametrizations. 
{II}: {R}esults for the {M}et {O}ffice model},
author={Neale,RB and Hoskins,BJ},
year={2001}, 
journal=asl, 
volume={1}, 
pages={doi:10.1006/asle.2000.0020}}

@article{neiman:93a,
title={The life cycle of an extratropical marine cyclone: {P}art {I}: {F}frontal-cyclone evolution and thermodynamic air-sea interaction},
author={Neiman,PJ and Shapiro,MA},
year={1993}, 
journal=mwr, 
volume={121}, 
pages={2153-2176}}

@article{neiman:93b,
title={The life cycle of an extratropical marine cyclone: {P}art {II}: {M}esoscale structure and diagnostics},
author={Neiman,PJ and Shapiro,MA and Fedor,LS},
year={1993}, 
journal=mwr, 
volume={121}, 
pages={2177-2199}}

@article{neu:99,
title={Age of air in a "leaky pipe" model of stratospheric transport},
author={Neu,JL and Plumb,RA},
year={1999}, 
journal=jgr, 
volume={104(D16)}, 
pages={19243-19255}}

@techreport{ndiaye:08, 
title={{WWRP/THORPEX A}frican Science Plan}, 
author={Ndiaye,O and Kamara,M and Afiesimama,E and Diedhiou,A and Diongue Niang,A and Lamptey,B and Kamga Foamouhoue, A}, 
year={2008},
type={{WMO/TD} - 1460; {WWRP/THORPEX} - 10},
institution={World Meteorological Organisation}}

@article{newell:g:81, 
title={A stratospheric fountain?},
author={Newell,RE and Gould-Stewart,S},
year={1981}, 
journal=jas, 
volume={38}, 
pages={2789-2796}}

@article{newell:96a, 
title={Vertical fine-scale atmospheric structure measured from {NASA
		  DC-8} during {PEM-W}est {A}},
author={Newell,RE and Wu,Z-X and Zhu,Y and Hu,W and Browell,EV and
		  Gregory,GL and Sachse,GW and Collins Jr.,JE and
		  Kelly,KK and Liu,SC},
year={1996}, 
journal=jgr, 
volume={101(D1)}, 
pages={1943-1960}}

@article{newell:96b, 
title={Walker circulation and tropical upper tropospheric water vapor},
author={Newell,RE and Zhu,Y and Browell,EV and
       Read,WG and Waters,JW},
year={1996}, 
journal=jgr, 
volume={101(D1)}, 
pages={1961-1974}}

@article{ngan:s:97, 
title={Chaotic mixing and transport in {R}ossby-wave critical layers}, 
author={Ngan,K and Shepherd,TG},
year={1997}, 
journal=jfm, 
volume={334}, 
pages={315-351}}

@article{ngan:spec:97, 
title={Comments on some recent measurements of anomalously steep
N$_2$O and O$_3$ tracer spectra in the stratospheric surf zone},
author={Ngan,K and Shepherd,TG},
year={1997}, 
journal=jgr, 
volume={102(D20)}, 
pages={24001-24004}}

@article{ngan:s:99a, 
title={A closer look at chaotic advection in the stratosphere. {P}art
		  {I}: {G}eometric structure},
author={Ngan,K and Shepherd,TG},
year={1999}, 
journal=jas, 
volume={56}, 
pages={4134-4152}}

@article{ngan:s:99b, 
title={A closer look at chaotic advection in the stratosphere. {P}art
		  {II}: {S}tatistical diagnostics},
author={Ngan,K and Shepherd,TG},
year={1999}, 
journal=jas, 
volume={56}, 
pages={4153-4166}}

@article{nicholls:90, 
title={A new fast response instrument for measuring total water},
author={Nicholls,S and Leighton,J and Barker,R},
year={1990}, 
journal={J. Atmos. Oceanic Technol.}, 
volume={7}, 
pages={706-718}}

@article{nielsen:96, 
title={Vortex merging and spectral cascade in 2-{D} flows},
author={Nielsen,AH and He,X and Rasmussen,JJ and Bohr,T},
year={1996}, 
journal=physflet, 
volume={8}, 
pages={2263-2265}}

@article{ng:01,
title={A Visualization of the Global Dynamic Tropopause},
author={Nielsen-Gammon,JW},
year={2001},
journal=bams,
volume={82},
pages={1151-1167}}

@article{noda:10, 
title={A general 3-{D} transformed {E}ulerian mean formulation},
author={Noda,A},
year={2010}, 
journal={Sci. Online Lett. Atm.}, 
volume={6}, 
pages={85-88}}

@article{norton, 
title={Breaking {R}ossby Waves in a Model
Stratosphere Diagnosed by a Vortex-Following Coordinate System and a
Technique for Advecting Material Contours}, 
author={Norton,WA},
year={1994}, 
journal=jas, 
volume={51}, 
pages={654-673}}

@article{norton:01, 
title={Longwave heating of the tropical lower stratosphere},
author={Norton,WA},
year={2001}, 
journal=grl, 
volume={28}, 
pages={3653-3656}}

@article{norton:06, 
title={Boundary layer structure and decoupling from synoptic scale flow during {NAMBLEX}},
author={Norton,EG and Vaughan,G and Methven,J and Coe,H and Brooks,B and Gallagher,M and Longley,I},
year={2006}, 
journal=acp, 
volume={6}, 
pages={433-445}}

@article{nguyen:08, 
title={Tropical cyclone intensification and predictability in 3-{D}},
author={Nguyen,VS and Smith,RK and Montgomery,MT},
year={2008}, 
journal=qj, 
volume={134}, 
pages={563-582}}

@article{oconnor:99, 
title={Observations of subtropical air in the {E}uropean mid-latitude 
lower stratosphere},
author={O'Connor,FM and Vaughan,G and de Backer,H},
year={1999}, 
journal=qj, 
volume={125}, 
pages={2965-2986}}

@article{oconnor:04,
title={Tropospheric ozone budget: {R}egional and global calculations},
author={O'Connor,FM and Law,KS and Pyle,JA and Bandy,B and Barjat,H and 
Brough,N and Dewey,K and Green,T and Kent,J and Phillips,G},
year={2004},
journal=acpd,
volume={4},
pages={991-1036}}

@article{ogorman:10,
title={The effective static stability experienced by eddies in a moist atmopshere},
author={O'Gorman,PA},
year={2010},
journal=jas,
volume={},
pages={}}

@article{olivier:99,
title={Sectoral
emission inventories of greenhouse gases for 1990 on a per country basis as
well as on 1x1 degree},
author={Olivier, JGJ and Bouwman,AF and Berdowski,JJM and Veldt,C and Bloos,JP and Visschedijk,AJH and van der Maas,CWM and Zandveld,PYJ},
year={1999},
journal={Environmental Science and Policy},
volume={2},
pages={241-264}}

@article{oneill:pope:93a, 
title={The coupling between radiation and dynamics in the stratosphere},
author={O'Neill,A and Pope,VD},
year={1993}, 
journal={Adv. Space Res.}, 
volume={13}, 
pages={351-358}}

@article{oneill:pope:93b, 
title={The effects of resolution on diagnostic calculations of 
coupling between radiation and dynamics},
author={O'Neill,A and Pope,VD},
year={1993}, 
journal={Adv. Space Res.}, 
volume={13}, 
pages={359-362}}

@article{oneill:94, 
title={Evolution of the stratosphere during {N}orthern winter 1991/92
		  as diagnosed from {U.K.M.O.} analyses},
author={O'Neill,A and Grose,WL and Pope,VD and MacLean,H and
		  Swinbank,R},
year={1994}, 
journal=jas, 
volume={51}, 
pages={2800-2817}}

@article{orr:1907, 
title={The stability or instability of the steady motions of a perfect fluid and of a viscous fluid},
author={Orr,WMF},
year={1907}, 
journal={Proc. Roy. Irish Acad.}, 
volume={A27}, 
pages={9-138}}

@article{orso:95, 
title={Filamentation and layering of an idealised tracer by observed
		  winds in the lower stratosphere},
author={Orsolini,Y and Simon,P and Cariole,D},
year={1995}, 
journal=grl, 
volume={22}, 
pages={839-842}}

@article{ott:ant:88, 
title={Chaotic fluid convection and the fractal nature of passive
		  scalar gradients},
author={Ott,E and Antonsen,TM},
year={1988}, 
journal={Phys.Rev.Lett,}, 
volume={61}, 
pages={2839-2842}}

@book{ottino:89,
title={The kinematics of mixing: stretching, chaos and transport},
author={Ottino,JM},
year={1989},
publisher={Cambridge University Press}}

@article{ovarlez:97,
title={Comparison of water vapor measurements with data retrieved from 
{ECMWF} analyses during the {POLINAT} experiment},
author={Ovarlez,J and van Velthoven,P},
year={1997},
journal=jam,
volume={36},
pages={1329-1335}}

@article{paeth:09,
title={Regional climate change in {T}ropical and {N}orthern {A}frica due to greenhouse forcing and land use changes},
author={Paeth,HK},
year={2009},
journal=jc,
volume={22},
pages={114-132}}

%author={Paeth,HK and Born,K and Girmes,R and Podzun,R and Jacob,D},

@article{palmer:08,
title={Towards seamless prediction: {C}alibration of climate change projections using seasonal forecasts},
author={Palmer,TN and Doblas-Reyes,FJ and Weisheimer,A and Rodwell,MJ},
year={2008},
journal=bams,
volume={89},
pages={459-470}}

@article{parker:hox,
title={Peroxy radicals and ozone photochemistry in air masses undergoing
long-range transport},
author={Parker,AE and Monks,PS and Jacob,MJ and Penkett,SA and Lewis,AC and 
Stewart,D and Whalley,L and Methven,J and Stohl,A},
year={2006},
journal=jgr,
volume={},
pages={submitted}}

@article{parker:98,
title={Barotropic instability in frontolytic strain},
author={Parker,DJ},
year={1998},
journal=qj,
volume={124},
pages={1617-1632}}

@article{parker:99,
title={Passage of a tracer through frontal zones: {A} model for the
		  formation of forward-sloping cold fronts},
author={Parker,D},
year={1999},
journal=qj,
volume={125},
pages={1785-1800}}

@article{parrish:98,
title={Relationships between ozone and carbon monoxide at surface sites in the {N}orth {A}tlantic region},
author={Parrish,DD and Trainer,M and Holloway,JS and Yee,JE and Warshawsky,MS and Fehsenfeld,FC and Forbes,GL and Moody,JL},
year={1998},
journal=jgr,
volume={103(D11)},
pages={13357-13376}}

@article{parrish:00,
title={Mixing of anthropogenic pollution with stratospheric ozone: 
{A} case study from the {N}orth {A}tlantic wintertime troposphere},
author={Parrish,DD and Holloway,JS and Jakoubek,R and Trainer,M
and Ryerson,TB and H\"{u}bler,G and Fehsenfeld,FC and Moody,JL
and Cooper,OR},
year={2000},
journal=jgr,
volume={105},
pages={24363-24374}}

@article{parrish:06,
title={The effects of mixing on evolution of hydrocarbon ratios in
the troposphere},
author={Parrish,D},
year={2006},
journal=jgr,
volume={this volume},
pages={}}

@article{parsons:00,
title={The evolution of the tropical western {P}acific atmosphere-ocean
system following the arrival of a dry intrusion},
author={Parsons,DB and Yoneyama,K and Redelsperger,J-L},
year={2000},
journal=qj,
volume={126},
pages={517-548}}

@article{pearson:10,
title={Remote sensing of the tropical rain forest boundary layer using pulsed {D}oppler lidar},
author={Pearson,G and Davies,F and Collier,C},
year={2010},
journal=acpd,
volume={10},
pages={5021-5049}}

@article{pedlosky:64,
title={An initial value problem in the theory of baroclinic instability},
author={Pedlosky,J},
year={1964},
journal={Tellus},
volume={16},
pages={12-17}}

@book{pedlosky,
title={Geophysical fluid dynamics},
author={Pedlosky,J},
year={1987},
note={710 pp},
publisher={Springer-Verlag}}

@article{peixoto:o:96,
title={The climatology of relative humidity in the atmosphere},
author={Peixoto, JP and Oort, AH},
year={1996},
journal=jc,
volume={9},
pages={3443-3463}}

@article{penkett:04, 
title={Long-range transport of ozone and related
pollutants over the {N}orth {A}tlantic in spring and summer},
author={Penkett, SA and Evans, MJ and Reeves, CE and Law, KS and Monks,
PS and Bauguitte, SJB and Pyle, JA and Green, TJ and Bandy, BJ and Mills,
G and Cardenas, LM and Barjat, H and Kley, D and Schmitgen, S and Kent, JM
and Dewey, K and Methven, J}, 
year={2004}, 
journal=acpd, 
volume={4},
pages={4407-4454}}

@article{penner:91,
title={Tropospheric nitrogen: {A} three-dimensional study of sources, distributions and deposition},
author={Penner,JE and Atherton,CS and Dignon,J and Ghan,SJ and Walton,JJ},
year={1991},
journal=jgr,
volume={96(D1)},
pages={959-990}}

@article{peters:w:96,
title={Influence of barotropic shear on the poleward advection of 
upper-tropospheric air},
author={Peters,D and Waugh,DW},
year={1996},
journal=jas,
volume={53},
pages={3013-3031}}

@article{pfister:05,
title={Quantifying {CO} emissions from the 2004 {A}laskan wildfires
using {MOPITT} {CO} data},
author={Pfister,G and Hess,PG and Emmons,LK and Lamarque,J-F and 
Wiedinmyer,C and Edwards,DP and Petron,G and Gille,JC and Sachse,GW},
year={2005},
journal=grl,
volume={32},
pages={L11809, doi:10.1029/2005GL022995}}

@article{phillips:51,
title={A simple 3-{D} model for the study of large-scale extratropical flow patterns},
author={Phillips,NA},
year={1951},
journal={J. Meteorol.},
volume={8},
pages={381-394}}

@article{phillips:54,
title={Energy transformations and meridional circulations associated
with simple baroclinic waves in a two-level, quasi-geostrophic model},
author={Phillips,NA},
year={1954},
journal=tel,
volume={6},
pages={273-286}}

@booklet{porg:97,
key={Photochemical Oxidant Review Group},
title={Ozone in the {U}nited {K}ingdom, fourth report},
howpublished={Dept. of the Environ., London},
year={1997}}

@article{pierce:94, 
title={Mixing processes within the polar night jet}, 
author={Pierce,RB and Fairlie,TD and Grose,WL and Swinbank,R and
O'Neill,A}, 
year={1994}, 
journal=jas, 
volume={51},
pages={2957-2972}}

@article{P:91b, 
title={Large-scale horizontal mixing in planetary atmospheres},
author={Pierrehumbert,RT},
year={1991}, 
journal=physf, 
volume={3A}, 
pages={1250-1260}}

@incollection{P:92, 
title={Spectra of tracer distributions: {A} geometric approach},
author={Pierrehumbert,RT},
year={1992}, 
booktitle={Nonlinear phenomena in atmospheres and oceans},
publisher={Springer-Verlag},
editor={Pierrehumbert,R and Carnevale,G},
pages={27-46}}
		  
@article{P:94, 
title={Tracer microstructure in the large-eddy dominated regime.},
author={Pierrehumbert,RT},
vyear={1994}, 
journal={Chaos, Solitons and Fractals}, 
volume={4}, 
pages={1091-1110}}

@article{P:95, 
title={Thermostats, radiator fins, and the local runaway greenhouse},
author={Pierrehumbert,RT},
year={1995}, 
journal=jas,
volume={52}, 
pages={1784-1806}}

@article{P:98, 
title={Lateral mixing as a source of subtropical water vapour},
author={Pierrehumbert,RT},
year={1998}, 
journal=grl,
volume={25}, 
pages={151-154}}

@article{PHS, 
title={Spectra of local and nonlocal 2-{D} turbulence},
author={Pierrehumbert,RT and Held,IM and Swanson,K},
year={1994}, 
journal={Chaos, Solitons and Fractals}, 
volume={4}, 
pages={1111-1116}}

@article{PY,
title={Global chaotic mixing on isentropic surfaces},
author={Pierrehumbert,RT and Yang,H},
year={1993},
journal=jas,
volume={50},
pages={2462-2480}}

@article{p:r:98, 
title={Evidence for control of {A}tlantic subtropical humidity by 
large scale advection},
author={Pierrehumbert,RT and Roca,R},
year={1998}, 
journal=grl,
volume={25}, 
pages={4537-4540}}

@article{plougonven:05, 
title={Gravity waves excited by jets: {P}ropagation versus generation},
author={Plougonven,R and Snyder,C},
year={2005}, 
journal=grl,
volume={32}, 
pages={L18802, doi:10.1029/2005GL023730}}

@article{plumb:m:87,
title={The zonally averaged transport characteristics of the {GFDL} general 
circulation/transport model},
author={Plumb,RA and Mahlman,JD},
year={1987},
journal=jas,
volume={44},
pages={298-327}}

@article{plumb:ko,
title={Interrelationships between mixing ratios of long-lived stratospheric 
constituents},
author={Plumb,RA and Ko,MK},
year={1992},
journal=jgr,
volume={97},
pages={10145-10156}}

@article{plumb:94,
title={Intrusions into the lower stratospheric {A}rctic vortex during
		  the winter 1991-1992},
author={Plumb,RA and Waugh,DW and Atkinson,RJ and Newman,PA and 
		  Lait,LR and Schoeberl,MR and Browell,EV and
		  Simmons,AJ and Loewenstein,M},
year={1994},
journal=jgr,
volume={99(D1)},
pages={1089-1105}}

@article{plumb:s:02,
title={Downward migration of extratropical zonal wind anomalies},
author={Plumb,RA and Semeniuk,K},
year={2002},
journal=jgr,
volume={submitted},
pages={}}

@article{pola:pelt:90, 
title={The structure and nonlinear evolution of synoptic-scale
		  cyclones: {L}ife-cycle simulations with a
		  cloud-scale model},
author={Polavarapu,S and Peltier,W},
year={1990}, 
journal=jas, 
volume={47}, 
pages={2645-2672}}

@article{pola:pel, 
title={The structure and nonlinear evolution of synoptic-scale
		  cyclones. {P}art {II}: {W}ave-mean flow interaction
		  and asymptotic equilibration},
author={Polavarapu,S and Peltier,W},
year={1993}, 
journal=jas, 
volume={50}, 
pages={3164-3184}}

@article{pola:pelt:93, 
title={Formation of small-scale cyclones in numerical simulations of
		  synoptic-scale baroclinic wave life cycles:
		  {S}econdary instability at the cusp},
author={Polavarapu,S and Peltier,W},
year={1993}, 
journal=jas, 
volume={50}, 
pages={1047-1057}}

@article{pol:f:z, 
title={Filamentation of unstable vortex structures via separatrix
		  crossing: {A} quantitative estimate of onset time},
author={Polvani,LM and Flierl,GR and Zabusky,NJ},
year={1989}, 
journal=physf,
volume={A1}, 
pages={181-184}}

@article{pol:plumb, 
title={Rossby wave breaking, microbreaking, filamentation and
		  secondary vortex formation: {T}he dynamics of the
		  perturbed vortex},
author={Polvani,LM and Plumb,RA},
year={1992}, 
journal=jas,
volume={49}, 
pages={462-476}}

@article{pol:95, 
title={On the subtropical edge of the stratospheric surf zone},
author={Polvani,LM and Waugh,DW and Plumb,RA},
year={1995}, 
journal=jas,
volume={52}, 
pages={1288-1309}}

@article{polvani:99, 
title={Time variability and {S}immons-{W}allace-{B}ranstator instability
in a simple nonlinear one-layer model},
author={Polvani,LM and Esler,JG and Plumb,RA},
year={1999}, 
journal=jas,
volume={56}, 
pages={1445-1460}}

@article{pol:s:00, 
title={The 3-{D} structure of breaking {R}ossby waves in the polar wintertime
stratosphere},
author={Polvani,LM and Saravanan,R},
year={2000}, 
journal=jas,
volume={57}, 
pages={3663--3685}}

@article{polvani:07, 
title={Transport and mixing of chemical air masses in idealized baroclinic life cycles},
author={Polvani,LM and Esler,JG},
year={2007}, 
journal=jgr,
volume={112}, 
pages={D23102, doi:10.1029/2007JD008555}}

@article{pomroy:00,
title={The evolution and dynamical role of reduced upper-tropospheric {PV} in {IOP1} of {FASTEX}},
author={Pomroy,HB and Thorpe,AJ},
year={2000},
journal=mwr,
volume={128},
pages={1817-1834}}

@article{prather:jaffe, 
title={Global impact of the {A}ntarctic ozone hole: {C}hemical propagation}, 
author={Prather,M and Jaffe,AH},
year={1990}, 
journal=jgr,
volume={D4}, 
pages={3473-3492}}

@article{prather:07, 
title={Lifetimes and time-scales in atmospheric chemistry},
author={Prather,MJ},
year={2007}, 
journal={Phil. Trans. Roy. Soc. A},
volume={365}, 
pages={1705-1726}}

@article{prinn:95,
title={Atmospheric trends and lifetime of {CH}$_3${CCl}$_3$ and global {OH} concentrations},
author={Prinn,RG and Weiss,RF and Miller,BR and Huang,J and Alyea,FN and Cunnold,DM and Fraser,PJ and Hartley,DE and Simmonds,PG},
year={1995}, 
journal={Science},
volume={269}, 
pages={187-192}}

@article{pytharoulis:99,
title={The low-level structure of African easterly waves in 1995},
author={Pytharoulis,I and Thorncroft,CD},
year={1999}, 
journal=mwr,
volume={127}, 
pages={2266-2280}}

@article{pudy:98,
title={An application of the theory of kinematics of mixing to the study
of tropospheric dispersion},
author={Pudykiewicz,JA and Koziol,AS},
year={1998}, 
journal=atenv,
volume={32}, 
pages={4227-4244}}

@article{purvis:03, 
title={Rapid uplift of
non-methane hydrocarbons in a cold front over central {E}urope},
author={Purvis,RM and Lewis,AC and Carney,RA and McQuaid,JB and Arnold,SR
and Methven,J and Barjat,H and Dewey,K and Kent,J and Monks,PS and 
Carpenter,LJ and Brough,N and Penkett,SA and Reeves,CE},
year={2003}, 
journal=jgr,
volume={108(D7)}, 
pages={4224, doi:10.1029/2002JD002521}}

@article{qiao:98, 
title={Tropical instability wave energetics: {O}bservations from the tropical instability wave experiment},
author={Qiao,L and Weisberg,RH}, 
year={1998}, 
journal=jpo,
volume={28},
pages={345-360}}

@article{racz:99, 
title={The dynamics of heat lows},
author={Racz,Z and Smith,RK}, 
year={1999}, 
journal=qj,
volume={125},
pages={225-252}}

@article{raes:00,
title={The second {A}erosol {C}haracterisation {E}xperiment ({ACE}-2): {G}eneral overview and main results},
author={Raes,F and Bates,TS and McGovern,F and van Leide,M},
year={2000},
journal=tel,
volume={52B},
pages={111-125}}

@article{ralph, 
title={Observations of $250\,km$ wavelength clear-air
		  eddies and $750\,km$ wavelength mesocyclones
		  associated with a synoptic-scale midlatitude cyclone},
author={Ralph,FM}, 
year={1996}, 
journal=mwr,
volume={124},
pages={1199-1210}}

@article{ramond,
title={The dynamics of polar jet streams as depicted by the {METEOSAT
		  WV} channel radiance field},
author={Ramond,D and Corbin,H and Debois,M and Szejwach,G and
		  Waldteufel,P},
year={1981},
journal=mwr,
volume={109},
pages={2164-2176}}

@article{raupach:13,
title={The exponential eigenmodes of the carbon-climate system, and their implications for ratios of responses to forcings},
author={Raupach,MR},
year={2013},
journal={Earth Syst. Dynam.},
volume={4},
pages={31-49}}

@article{ravetta:06,
title={Ozone {LIDAR} measurements},
author={Ravetta,F},
year={2006},
journal=jgr,
volume={this volume},
pages={}}

@article{rayleigh,
title={On the stability, or instability, of certain fluid motions},
author={Lord Rayleigh},
year={1880},
journal={Proc.Lond.Math.Soc.},
volume={11},
pages={57-70}}

@article{raymond:90,
title={A theory for long-lived mesoscale convective systems},
author={Raymond,DJ and Jiang,H},
year={1990},
journal=jas,
volume={47},
pages={3067-3077}}

@article{real:acsoe,
title={Processes influencing ozone levels during long range transport
as measured during the {NARE/ACSOE} campaign},
author={Real,E and Law,KS and Stohl,A and Penkett,S and Reeves,C and
Parrish,D and Ryerson,T and Arnold,S},
year={2006},
journal=acpd,
volume={submitted},
pages={}}

@article{real:07,
title={Processes influencing {O}$_3$ levels in {A}laskan forest fire plumes during long-range transport over the {N}orth {A}tlantic},
author={Real,E and Law,KS and Wienzierl,B and Fiebig,M and Petzold,A and Wild,O and Methven,J and Arnold,S and Stohl,A and Huntrieser,H and Roiger,A and Schlager,H and Stewart,D and Avery,M and Sachse,G and Browell,E and Ferrare,R and Blake,D},
year={2007},
journal=jgr,
volume={112},
pages={D10S41, doi:10.1029/2006JD007576}}

@article{real:case3,
title={Lagrangian analysis of low level anthropogenic plume processing across the {N}orth {A}tlantic},
author={Real,E and Law,KS and Schlager,H and Roiger,A and Huntrieser,H and Methven,J and Cain,M and Holloway,J and Neumann,JA and Ryerson,T and Flocke,F and de Gouw,J and Atlas,E and Donnelly,S and Parrish,D},
year={2008},
journal=acpd,
volume={8},
pages={7509-7554}}

@article{real:08,
title={Lagrangian analysis of low level anthropogenic plume processing across the {N}orth {A}tlantic},
author={Real,E and Law,KS and Schlager,H and Roiger,A and Huntrieser,H and Methven,J and Cain,M and Holloway,J and Neumann,JA and Ryerson,T and Flocke,F and de Gouw,J and Atlas,E and Donnelly,S and Parrish,D},
year={2008},
journal=acp,
volume={8},
pages={7737-7754}}

@article{reed:77,
title={The structure and properties of {A}frican wave disturbances
as observed during phase {III} of {GATE}},
author={Reed,RJ and Norquist,DC and Recker,EE},
year={1977},
journal=mwr,
volume={105},
pages={317-333}}

@article{reid:vaughan,
title={Lamination in ozone profiles in the lower stratosphere},
author={Reid,SJ and Vaughan,G},
year={1991},
journal=qj,
volume={117},
pages={825-844}}

@article{reinhold:88,
title={Structural determinism of equilibrated baroclinic waves in a two-layer
model and equivalent barotropy},
author={Reinhold,B},
year={1988},
journal=tel,
volume={40A},
pages={375-391}}

@phdthesis{renfrew,
title={The development of secondary frontal cyclones},
author={Renfrew,IA},
year={1995},
school={Reading University}}

@article{rex:98,
title={In situ measurements of stratospheric ozone depletion rates in the {A}rctic winter 1991/1992: {A} {L}agrangian approach},
author={Rex,M and von der Gathen,P and Harris,NRP and Lucic,D and Knudsen,BM
and Braathen,GO and Reid,SJ and De Backer,H and Claude,H and Fabian,R and Fast,H and Gil,M and Kyro,E and Mikkelsen,IS and Rummukainen,M and Smit,HG and Stahelin,J and Varotsos,C and Zaitcev,I},
year={1998},
journal=jgr,
volume={103(D5)},
pages={5843-5854}}

@article{rex:99,
title={Chemical ozone loss in the {A}rctic winter 1994/95 as determined by the
Match technique},
author={Rex,M and von der Gathen, P and Braathen,GO and Harris,NRP and Reimer,E},
year={1999},
journal=jac,
volume={32},
pages={35-59}}

@article{reznik:07,
title={Resonant excitation and nonlinear evolution of waves in the equatorial waveguide in the presence of the mean current},
author={Reznik,G and Zeitlin,V},
year={2007},
journal={Phys. Rev. Lett.},
volume={99},
pages={064501}}

@booklet{rgar:97,
title={Acid deposition in the {UK} 1992-1994},
key={{RGAR}},
year={1997},
pages={176pp},
howpublished={Review {G}roup on {A}cid {R}ain, 4th report, 
AEA Technology plc}}

@article{rhines:79,
title={Geostrophic Turbulence},
author={Rhines,P},
year={1979},
journal={Ann.Rev.Fluid Mech.},
volume={11},
pages={401-442}}

@article{rhines:y:82,
title={Homogenization of potential vorticity in planetary gyres},
author={Rhines,PB and Young,WR},
year={1982},
journal=jfm,
volume={122},
pages={347-367}}

@article{rhines:y:83,
title={How rapidly is a passive scalar mixed within closed streamlines?},
author={Rhines,PB and Young,WR},
year={1983},
journal=jfm,
volume={133},
pages={133-145}}

@article{richardson:61,
title={The problem of contiguity: an appendix of statistics of deadly
		  quarrels}, 
author={Richardson,LF},
year={1961},
journal={General Systems Yearbook},
volume={6},
pages={139-187}}

@article{riddle:06,
title={Trajectory model validation using constant altitude {CMET} balloons during {ICARTT}-2004},
author={Riddle,E and Voss,PB and Stohl,A and Holcomb,D and Mazcka,D and 
Washburn,K and Talbot,RW},
year={2006},
journal=jgr,
volume={this volume},
pages={}}

@article{riemer:11,
title={Simple kinematic models for the environmental interaction of tropical cyclones in vertical wind shear},
author={Riemer,M and Montgomery,MT},
year={2011},
journal=acp,
volume={11},
pages={9395-9414}}

@book{riley:h:b,
title={Mathematical methods for physics and engineering},
author={Riley and Hobson and Bence},
year={1998},
publisher={Cambridge University Press}}

@article{rinne:j,
title={Estimation of the {C}ressman term for a barotropic model through 
optimization with use of the adjoint model},
author={Rinne,J and J\"{a}rvinen,H},
year={1993},
journal=mwr,
volume={121},
pages={825-833}}

@article{rivest:92,
title={Upper-tropospheric synoptic-scale waves. {P}art {II}: {M}aintenance
and excitation of quasi-modes},
author={Rivest,C and Farrell,BF},
year={1992},
journal=jas,
volume={49},
pages={2120-2138}}

@article{robert:72,
title={An implicit time integration scheme for baroclinic modes of the
		  atmosphere}, 
author={Robert,AJ and Henderson,J and Turnbull,C},
year={1972},
journal=mwr,
volume={100},
pages={329-335}}

@article{roberts:07,
title={Scale-selective verification of rainfall accumulations from high-resolution forecasts of convective events},
author={Roberts,NM and Lean,HW},
year={2007},
journal=mwr,
volume={136},
pages={78-97}}

@article{roberts:08,
title={Assessing the spatial and temporal variation in the skill of precipitation forecasts from an {NWP} model},
author={Roberts,NM},
year={2008},
journal={Met. Apps.},
volume={15},
pages={163-169}}

@article{robinson:89,
title={On the structure of potential vorticity in baroclinic instability},
author={Robinson,WA},
year={1989},
journal={Tellus},
volume={41A},
pages={275-284}}

@article{rodwell:hoskins,
title={Monsoons and the dynamics of deserts},
author={Rodwell,MR and Hoskins,BJ},
year={1996},
journal=qj,
volume={122},
pages={1385-1404}}

@article{rodwell:h:01,
title={Subtropical anticyclones and summer monsoons},
author={Rodwell,MR and Hoskins,BJ},
year={2001},
journal=jc,
volume={14},
pages={3192-3211}}

@article{rodwell:10,
title={A new equitable score suitable for verifying precipitation in {NWP}},
author={Rodwell,MR and Richardson,DS and Hewson,TD},
year={2010},
journal=qj,
volume={136},
pages={1344-1363}}

@article{rodwell:13,
title={Characteristics of occasional poor medium-range weather forecasts for {E}urope},
author={Rodwell,MR and Magnusson,L and Bauer,P and Bechtold,P and Bonavita,M and Cardinali,C and Diamantakis,M and Earnshaw,P and Garcia-Mendez,A and Isaksen,L and Kallen,E and Klocke,D and Lopez,P and McNally,T and Persson,A and Prates,F and Wedi,N},
year={2013},
journal=bams,
volume={early view},
pages={doi:10.1175/BAMS-D-12-00099.1}}

@article{roelofs:97,
title={Model study of the influence of cross-tropopause ozone transports 
on tropospheric ozone levels},
author={Roelofs,GJ and Lelieveld,J},
year={1997},
journal=tel,
volume={49B},
pages={38-55}}

@article{rossby:adj,
title={On the mutual adjustment of pressure and velocity distributions in certain simple current systems, {II}},
author={Rossby,CG},
year={1938},
journal={J. Mar. Res.},
volume={5},
pages={239-263}}

@article{rossby:40,
title={Planetary flow patterns in the atmosphere},
vauthor={Rossby,CG},
year={1940},
journal=qj,
volume={66 (supplement)},
pages={68-87}}

@article{rosting:12,
title={The usefulness of piecewise potential vorticity inversion},
vauthor={Rosting,B and Kristjansson,JE},
year={2012},
journal=jas,
volume={},
pages={}}

@article{rotunno:94,
title={An analysis of frontogenesis in numerical simulations of
		  baroclinic waves},
author={Rotunno,R and Skamarock,WC and Snyder,C},
year={1994},
journal=jas,
volume={51},
pages={3373-3398}}

@article{rotunno:f:89,
title={Pettersen's {T}ype {B} cyclogenesis in terms of discrete, neutral 
{E}ady modes},
author={Rotunno,R and Fantini,M},
year={1989},
journal=jas,
volume={46},
pages={3599-3604}}

@article{ruti:06,
title={Does the subtropical jet catalyze the midlatitude atmospheric regimes?},
author={Ruti,PM and Lucarini,V and Dell'Aquila,A and Calmanti,S},
year={2006},
journal=grl,
volume={33},
pages={L06814, doi:10.1029/2005GL024620}}

@article{ryall:98,
title={Validation of the {UK} {M}et {O}ffice's {NAME} model against
the {ETEX} dataset},
author={Ryall,DB and Maryon,RH},
year={1998},
journal=atenv,
volume={32},
pages={4265-4276}}

@article{saffman:71,
title={On the spectrum and decay of random 2-{D} vorticity
		  distributions at large {R}eynolds number},
author={Saffman,PG},
year={1971},
journal={Stud.Appl.Maths},
volume={50},
pages={377-383}}

@article{sakai:89,
title={Rossby-{K}elvin instability: {A} new type of ageostrophic instability
caused by a resonance between {R}ossby waves and gravity waves},
author={Sakai,S},
year={1989},
journal=jfm,
volume={202},
pages={149-176}}

@article{salathe:h:97,
title={A trajectory analysis of tropical upper-tropospheric moisture
and convection},
author={Salath\'{e},EP and Hartmann,DL},
year={1997},
journal=jc,
volume={10},
pages={2533-2547}}

@article{salathe:h:00,
title={Subsidence and upper-tropospheric drying along trajectories in 
a general circulation model},
author={Salath\'{e},EP and Hartmann,DL},
year={2000},
journal=jc,
volume={13},
pages={257-263}}

@article{salby:90a,
title={Global transport calculations with an equivalent barotropic
		  system}, 
author={Salby,ML and Garcia,RR and O'Sullivan,D and Tribbia,J},
year={1990},
journal=jas,
volume={47},
pages={188-214}}

@article{salby:90b,
title={Air motions accompanying the development of a planetary wave
		  critical layer},
author={Salby,ML and O'Sullivan,D and Garcia,RR and Callaghan,P},
year={1990},
journal=jas,
volume={47},
pages={1179-1203}}

@article{sanders:80,
title={Synoptic dynamic climatology of the "bomb"},
author={Sanders,F and Gyakum,JR},
year={1980},
journal=mwr,
volume={108},
pages={1589-1606}}

@article{sard:hos,
title={Spatial smoothing on the sphere},
author={Sardeshmukh,PD and Hoskins,BJ},
year={1984},
journal=mwr,
volume={112},
pages={2524-2529}}

@article{sard:h:88,
title={Generation of global rotational flow by steady idealized 
tropical divergence},
author={Sardeshmukh,PD and Hoskins,BJ},
year={1988},
journal=jas,
volume={45},
pages={1228-1251}}

@article{satoh:99,
title={Relation between the meridional distribution of {PV} and the 
{L}agrangian mean circulation in the troposphere},
author={Satoh,M},
year={1999},
journal=tel,
volume={51A},
pages={833-853}}

@book{satoh:book,
title={Atmospheric circulation dynamics and general circulation models},
author={Satoh,M},
year={2004},
publisher={Springer},
note={pp.643}}

@article{schecter:09,
title={Hurricane formation in diabatic {E}kman turbulence},
author={Schecter,DA and Dunkerton,TJ},
year={2009},
journal=qj,
volume={135},
pages={823-838}}

@article{scheeren:03,
title={The impact of monsoon outflow from {I}ndia and {S}outheast {A}sia in the upper troposphere over the {E}astern {M}editerranean},
author={Scheeren,HA and Lelieveld,J and Roelofs,GJ and Williams,J and Fischer,H
and de Reus,M and de Gouw,JA and Warneke,C and Holzinger,R and Schlager,H and 
Kl\"{u}pfel,T and Bolder,M and van der Veen,C and Lawrence,MG},
year={2003},
journal=acp,
volume={3},
pages={1589-1608}}

@article{schemm:13,
title={Warm conveyor belts in idealized moist baroclinic wave simulations},
author={Schemm,S and Wernli,H and Papritz,L},
year={2013},
journal=jas,
volume={70},
pages={627-652}}

@book{schey,
title={Div, grad, curl and all that},
author={Schey},
year={1997},
publisher={W. W. Norton}}

@article{schneider:06,
title={A climatology of tropospheric zonal-mean water vapor fields and fluxes in isentropic coordinates},
author={Schneider, T and Smith, KL and O'Gorman, PA and Walker,CC},
year={2006},
journal=jc,
volume={19},
pages={5918-5933}}

@article{schoeberl:95,
title={A multiple-level trajectory analysis of vortex filaments},
author={Schoeberl,MR and Newman,PA},
year={1995}, 
journal=jgr, 
volume={100(D12)}, 
pages={25801-25815}}

@article{schreck:09,
title={A Case Study of an Outbreak of Twin Tropical Cyclones}, 
author={Schreck III,CJ and Molinari,J},
year={2009}, 
journal=mwr, 
volume={137}, 
pages={863-875}}

@article{schubert:98,
title={North {A}tlantic cyclones in {CO}$_2$-induced warm climate 
simulations: frequency, intensity and tracks}, 
author={Schubert,M and Perlwitz,J and Blender,R and Fraedrich,K and 
Lunkeit,F},
year={1998}, 
journal={Climate Dyn.}, 
volume={14}, 
pages={827-837}}

@article{schubert:99,
title={Polygonal eyewalls, asymmetric eye contraction, and potential vorticity mixing in hurricanes},
author={Schubert,M and Montgomery,MT and Taft,RK and Guinn,TA  and Fulton,SR and Kossin,JP and Edwards,JP},
year={1999}, 
journal=jas,
volume={56}, 
pages={1197-1223}}

@article{schubert:93,
title={An assimilation dataset for
earth science applications},
author={Schubert,SD and Rood,RB and Pfaendtner,J},
year={1993}, 
journal=bams, 
volume={74}, 
pages={2331-2342}}

@article{schultz:01,
title={Re-examining the cold conveyor belt},
author={Schultz,DM},
year={2001}, 
journal=mwr, 
volume={129}, 
pages={2205-2225}}

@article{schultz:11,
title={Occluded fronts and the occlusion process},
author={Schultz,DM and Vaughan,G},
year={2011}, 
journal=bams, 
volume={}, 
pages={443-466}}

@article{schultz:13,
title={Using frontogenesis to identify sting jets in extratropical cyclones},
author={Schultz,DM and Sienkiewicz,JM},
year={2013}, 
journal=wf, 
volume={28}, 
pages={603-613}}

@article{schumann:00,
title={Pollution from aircraft emissions in the {N}orth {A}tlantic flight
corridor: {O}verview on the {POLINAT} projects},
author={Schumann,U and Schlager,H and Arnold,F and Ovarlez,J and Kelder,H
and Hov,O and Hayman,G and Isaksen,ISA and Staehelin,J and Whitefield,PD},
year={2000}, 
journal=jgr, 
volume={105(D3)}, 
pages={3605-3631}}

@article{scott:01,
title={Stratospheric filamentation into the upper tropical troposphere},
author={Scott,RK and Cammas,J-P and Mascart,P and Stolle,C},
year={2001}, 
journal=jgr, 
volume={106}, 
pages={11835-11848}}

@article{scott:03,
title={Enhancement of {R}ossby wave breaking by steep potential
vorticity gradients in the winter stratosphere},
author={Scott,RK and Dritschel,DG and Polvani,LM and Waugh,DW},
year={2003}, 
journal=jas, 
volume={}, 
pages={submitted}}

@article{shap:80,
title={Turbulent mixing within tropopause folds as a mechanism for the
		  exchange of chemical constituents between the
		  stratosphere and troposphere},
author={Shapiro,MA},
year={1980},
journal=jas,
volume={37},
pages={994-1004}}

@article{shap:85,
title={The frontal hydraulic head: {A} microscale ($\sim 1 km$)
		  triggering mechanism for convective weather
		  systems}, 
author={Shapiro,MA and Hampel,T and Rotzoll,D and Mosher,F},
year={1985},
journal=mwr,
volume={113},
pages={1166-1183}}

@incollection{shapiro:k:90, 
title={Fronts, jet streams and the tropopause},
author={Shapiro,MA and Keyser,D},
year={1990}, 
booktitle={Extratropical {C}yclones - {T}he {E}rik
{P}almen {M}emorial {V}olume}, 
publisher={Am. Met. Soc.},
pages={167-191}}

@incollection{bergen:99,
title={A planetary-scale to mesoscale perspective of the life cycles
		  of extratropical cyclones: {T}he bridge between
		  theory and observations},
author={Shapiro,MA and Wernli,H and Bao,J-W and Methven,J and Zou,X
		  and Doyle,J and Holt,T and Donall-Grell,E and Neiman,P},
year={1999},
editor={Shapiro,MA and Gr\"{o}n\r{a}s,S},
booktitle={The life cycles of extratropical cyclones},
publisher={Am. Met. Soc.},
pages={139-185}}

@article{shepherd:88,
title={Nonlinear saturation of baroclinic instability. {P}art {I}: {T}he
two-layer model},
author={Shepherd,TG},
year={1988},
journal=jas,
volume={45},
pages={2014-2025}}

@article{shepherd:89,
title={Nonlinear saturation of baroclinic instability. {P}art {II}:
{C}ontinously stratified fluid},
author={Shepherd,TG},
year={1989},
journal=jas,
volume={46},
pages={888-907}}

@article{shepherd:k:n,
title={On the nature of large-scale mixing in the stratosphere and
mesosphere},
author={Shepherd,TG and Koshyk,JN and Ngan,K},
year={2000},
journal=jas,
volume={submitted},
pages={}}

@article{sherwood:96a,
title={Maintenance of the free-tropospheric tropical water vapor budget 
distribution. {P}art {I}: {C}lear regime budget},
author={Sherwood,SC},
year={1996},
journal=jc,
volume={9},
pages={2903-2918}}

@article{sherwood:96b,
title={Maintenance of the free-tropospheric tropical water vapor budget 
distribution. {P}art {II}: {S}imulation by large-scale advection},
author={Sherwood,SC},
year={1996},
journal=jc,
volume={9},
pages={2919-2934}}

@article{sherwood:d:00,
title={On the control of stratospheric humidity},
author={Sherwood,SC and Dessler,AE},
year={2000},
journal=grl,
volume={27},
pages={2513-2516}}

@article{shibata,
title={The {E}l {C}hichon volcanic cloud in the stratosphere: lidar
		  observation at {F}ukuoka and numerical simulation},
author={Shibata,T and Fujiwari,M and Hirono,M},
year={1984},
journal={J.Atmos.Terr.Phys.},
volume={46},
pages={1121-1146}}

@article{shindell:05,
title={An emissions-based view of climate forcing by methane and tropospheric ozone},
author={Shindell,DT and Faluvegi,G and Bell,N and Schmidt,GA},
year={2005},
journal=grl,
volume={32},
pages={L04803, doi:10.1029/2004GL021900}}

@article{shine:s:07,
title={CO$_2$ is not the only gas},
author={Shine,KP and Sturges,WT},
year={2007},
journal={Science},
volume={315},
pages={1804-1805}}

@book{silverman:86,
title={Density {E}stimation for {S}tatistics and {D}ata {A}nalysis},
author={Silverman,BW},
year={1986},
pages={179},
publisher={Chapman and Hall, New York}}

@article{s:b:81,
title={An energy and angular-momentum conserving vertical
		  finite-difference scheme in hybrid vertical
		  coordinates}, 
author={Simmons,AJ and Burridge,DM},
year={1981},
journal=mwr,
volume={109},
pages={758-766}}

@article{s:h:76,
title={Baroclinic instability on the sphere: {N}ormal modes of the
		  primitive and quasi-geostrophic equations},
author={Simmons,AJ and Hoskins,BJ},
year={1976},
journal=jas,
volume={33},
pages={1454-1477}}

@article{s:h:77,
title={Baroclinic instability on the sphere: {S}olutions with a more
		  realistic tropopause},
author={Simmons,AJ and Hoskins,BJ},
year={1977},
journal=jas,
volume={34},
pages={581-588}}

@article{s:h:78,
title={The life cycles of some nonlinear baroclinic waves},
author={Simmons,AJ and Hoskins,BJ},
year={1978},
journal=jas,
volume={35},
pages={414-432}}

@article{s:h:80,
title={Barotropic influences on the growth and decay of nonlinear
		  baroclinic waves},
author={Simmons,AJ and Hoskins,BJ},
year={1980},
journal=jas,
volume={37},
pages={1679-1684}}

@article{s:h:b:78,
title={Stability of the semi-implicit method of time-integration},
author={Simmons,AJ and Hoskins,BJ and Burridge,DM},
year={1978},
journal=mwr,
volume={106},
pages={405-412}}

@article{simmons:99,
title={Stratospheric water vapour and tropical tropopause temperatures
in {ECMWF} analyses and multi-year simulations},
author={Simmons,AJ and Untch,A and Jakob,C and Kallberg,P and Unden,P},
year={1999},
journal=qj,
volume={125},
pages={353-386}}

@article{s:w:b:83,
title={Barotropic wave propagation and instability, and atmospheric teleconnection patterns},
author={Simmons,AJ and Wallace,JM and Branstator,GW},
year={1983},
journal=jas,
volume={40},
pages={1363-1392}}

@article{sinclair:08,
title={Boundary layer ventilation by baroclinic lifecycles},
author={Sinclair,VA and Gray,SL and Belcher,SE},
year={2008},
journal=qj,
volume={134},
pages={1409-1424}}

@article{smith:mont,
title={Vortex axisymmetrization: {D}ependence on azimuthal wave-number
		  or asymmetric radial structure changes},
author={Smith,GB and Montgomery,MT},
year={1995},
journal=qj,
volume={121},
pages={1615-1650}}

@article{smith:v:99,
title={Linear baroclinic instability in extended regime geostrophic
models},
author={Smith,KS and Vallis,GK},
year={1999},
journal=jas,
volume={56},
pages={1579-1593}}

@article{snyder:l:91,
title={Quasi-geostrophic wave-{CISK} in an unbounded baroclinic shear},
author={Snyder,C and Lindzen,RS},
year={1991},
journal=jas,
volume={48},
pages={76-86}}

@article{sobel:99,
title={Diffusion versus nonlocal models of stratospheric mixing, in theory 
and practice},
author={Sobel,AH},
year={1999},
journal=jas,
volume={56},
pages={2571-2584}}

@article{sobel:p:99,
title={Quantitative diagnosis of mixing in a shallow water model of the 
stratosphere},
author={Sobel,AH and Plumb,RA},
year={1999},
journal=jas,
volume={56},
pages={2811-2829}}

@article{sobel:01,
title={The weak temperature gradient approximation and balanced tropical moisture waves},
author={Sobel,AH and Nilsson,J. and Polvani,L.M.},
year={2001},
journal=jas,
volume={58},
pages={3650-3665}}

@article{soden:98,
title={Tracking upper tropospheric water vapor radiances: {A} satellite 
perspective},
author={Soden,BJ},
year={1998},
journal=jgr,
volume={103},
pages={17,069-17,081}}

@article{soden:00,
title={The diurnal cycle of convection, clouds and water vapor in the tropical
upper troposphere},
author={Soden,BJ},
year={2000},
journal=grl,
volume={27},
pages={2173-2176}}

@article{soden:02,
title={Global cooling after the eruption of {M}ount {P}inatubo: {A} test of 
climate feedback by water vapor},
author={Soden,BJ and Wetherald,RT and Stenchikov,GL and Robock,A},
year={2002},
journal={Science},
volume={296},
pages={727-730}}

@article{solomon:12,
title={An exact {L}agrangian-mean wave activity for finite-amplitude disturbances to barotropic flow on a sphere},
author={Solomon,A and Nakamura,N},
year={2012},
journal=jfm,
volume={693},
pages={69-92}}

@article{solomon:12b,
title={Finite-amplitude {L}agrangian-mean wave activity diagnostics applied to the baroclinic eddy life cycle},
author={Solomon,A and Chen,G and Lu,J},
year={2012},
journal=jas,
volume={69},
pages={3013-3027}}

@article{song:n:99,
title={Eady instability of isolated baroclinic jets with meridionally 
varying tropopause height},
author={Song,Y and Nakamura,N},
year={1999},
journal=jas,
volume={},
pages={}}

@article{spaete:94,
title={Stratospheric-tropospheric mass exchange during the
		  {P}resident's {D}ay storm},
author={Spaete,P and Johnson,DR and Schaack,TK},
year={1994},
journal=mwr,
volume={122},
pages={424-439}}

@article{sparling:97,
title={Diabatic cross-isentropic dispersion in the lower stratosphere},
author={Sparling,LC and Kettleborough,JA and Haynes,PH and McIntyre,ME
		  and Rosenfield,JE and Schoeberl,MR and Newman,PA},
year={1997},
journal=jgr,
volume={102(D22)},
pages={25817-25829}}

@article{sparling:01,
title={Scale dependence of tracer microstructure: {PDF}s, intermittency and the dissipation scale},
author={Sparling,LC and Bacmeister,JT},
year={2001},
journal=grl,
volume={28},
pages={2823-2826}}

@book{spiegel,
title={Vector analysis},
author={Spiegel},
year={1974},
publisher={Schaum}}

@article{spracklen:12, 
title={Observations of increased tropical rainfall preceded by air passage over forests},
author={Spracklen,DV and Arnold,SR and Taylor,CM},
year={2012}, 
journal={Nature}, 
volume={489}, 
pages={282-285}}

@article{sprenger:02, 
title={A northern hemispheric climatology of cross--tropopause exchange
for the {ERA}15 time period (1979-1993)},
author={Sprenger,M and Wernli,H},
year={2002}, 
journal=jgr, 
volume={Submitted}, 
pages={}}

@article{srinivasan:12, 
title={Zonostrophic instability},
author={Srinivasan,K and Young,WR},
year={2012}, 
journal=jas, 
volume={69}, 
pages={1633-1656}}

@article{stein:11, 
title={The vertical cloud structure of the {W}est {A}frican monsoon: {A} 4 year climatology using {C}loudsat and {CALIPSO}}, 
author={Stein,THM and Parker,DJ and Delanoe,J and Dixon,NS and Hogan,RJ and Knippertz,P and Maidment,RI and Marsham,JH},
year={2011}, 
journal=jgr,
volume={116}, 
pages={D22205, doi:10.1029/2011JD016029}}

@article{stewartson:78, 
title={The evolution of the critical layer of a {R}ossby wave},
author={Stewartson,K},
year={1978}, 
journal={Geophys. Astrophys. Fluid Dyn.}, 
volume={9}, 
pages={185-200}}

@article{stohl:96, 
title={Trajectory statistics -- {A} new method to establish source-receptor
relationships of air pollutants and its application to the transport of 
particulate sulphate in {E}urope},
author={Stohl,A},
year={1996}, 
journal=atenv, 
volume={30}, 
pages={579-587}}

@article{stohl:98, 
title={Computation, accuracy and applications of trajectories -- {A}
		  review and bibliography},
author={Stohl,A},
year={1998}, 
journal=atenv, 
volume={32}, 
pages={947-966}}

@article{stohl:trickl:99, 
title={A textbook example of long-range transport: {S}imultaneous 
observation of ozone maxima of stratospheric and {N}orth {A}merican
origin in the free troposphere over {E}urope},
author={Stohl,A and Trickl,T},
year={1999}, 
journal=jgr, 
volume={104}, 
pages={30,445-30,462}}

@article{stohl:02, 
title={A replacement for simple back trajectory calculations in the
interpretation of atmospheric trace substance measurements},
author={Stohl,A and Eckhardt,S and Forster,C and James,P
and Spichtinger,N and Seibert,P},
year={2002}, 
journal=atenv, 
volume={36}, 
pages={4635-4648}}

@article{stohl:03, 
title={A backward modeling study of intercontinental pollution
transport using aircraft measurements},
author={Stohl,A and Forster,C and Eckhardt,S and Spichtinger,N 
and Huntrieser,H and Heland,J and Schlager,H and Wilhelm,S
and Arnold,F and Cooper,O},
year={2003}, 
journal=jgr, 
volume={108 (D12)}, 
pages={4370, doi:10.1029/2002JD002862}}

@article{lagopps:04, 
title={Forecasting for a {L}agrangian aircraft campaign},
author={Stohl,A and Cooper,OR and Damoah,R and Fehsenfeld,FC and Forster,C
and Hsie,E-Y and H\"{u}bler,G and Parrish,D and Trainer,M},
year={2004}, 
journal=acp, 
volume={4}, 
pages={1113-1124}}

@article{flexpart:05, 
title={The {L}agrangian particle dispersion model {FLEXPART} version 6.2},
author={Stohl,A and Forster,C and Frank,A
and Seibert,P and Wotawa,G},
year={2005}, 
journal=acp, 
volume={5}, 
pages={2461-2474}}

@article{stohl:06,
title={New york to Ireland case},
author={Stohl,A},
year={2006},
journal=jgr,
volume={this volume},
pages={}}

@article{stommel:48,
title={The westward intensification of wind-driven ocean currents},
author={Stommel,H},
year={1948}, 
journal={Trans. Am. Geophys. Union}, 
volume={29}, 
pages={202-206}}

@article{stone:69,
title={The meridional structure of baroclinic waves},
author={Stone,PH},
year={1969}, 
journal=jas, 
volume={26}, 
pages={376-389}}

@article{straub:03,
title={Extratropical Forcing of Convectively Coupled {K}elvin Waves during {A}ustral Winter},
author={Straub,K and Kiladis,G},
year={2003}, 
journal=jas, 
volume={60}, 
pages={526-543}}

@article{stroeve:05,
title={Tracking the {A}rctic's shrinking ice cover: {A}nother extreme 
{S}eptember minimum in 2004},
author={Stroeve,JC and Serreze,MC and Fetterer,F and Arbetter,T and
Meier,W and Maslanik,J and Knowles,K},
year={2005},
journal=grl,
volume={32},
pages={L04501, doi:10.1029/2004GL021810}}

@article{sultan:03, 
title={The {W}est {A}frican {M}onsoon dynamics. {P}art {I}: {D}ocumentation of intraseasonal variability},
author={Sultan,B and Janicot,S and Diedhiou,A},
year={2003}, 
journal=jc, 
volume={16}, 
pages={3389-3406}}

@article{sun:l:93, 
title={Distribution of tropical tropospheric water vapor},
author={Sun,D-Z and Lindzen,RS},
year={1993}, 
journal=jas, 
volume={50}, 
pages={1643-1660}}

@article{sun:l:94, 
title={A {PV} view of the zonal mean distribution of temperature and
		  wind in the extratropical troposphere},
author={Sun,D-Z and Lindzen,RS},
year={1994}, 
journal=jas, 
volume={51}, 
pages={757-772}}

@article{sutton:94,
title={High-resolution stratospheric tracer fields estimated from
		  satellite observations using {L}agrangian trajectory
		  calculations},
author={Sutton,RT and MacLean,H and Swinbank,R and O'Neill,A},
year={1994},
journal=jas,
volume={51},
pages={2995-3005}}

@article{swanson:97, 
title={Lower-tropospheric heat transport in the Pacific stormtrack},
author={Swanson,KL and Pierrehumbert,RT},
year={1997}, 
journal=jas, 
volume={54}, 
pages={1533-1543}}

@article{swarbrick:01,
title={Applying the relationship between potential vorticity fields and water vapour imagery to adjust initial conditions in {NWP}},
author={Swarbrick,SJ},
year={2001},
journal={Meteorol. Apps.},
volume={8},
pages={221-228}}

@article{swinbank:98,
title={Middle atmopshere variability in the {UK} {M}eteorological {O}ffice
{U}nified {M}odel},
author={Swinbank,R and Lahoz,WA and O'Neill,A and Douglas,CS and
Heaps,A and Podd,D},
year={1998},
journal=qj,
volume={124},
pages={1485-1525}}

@article{tan:98, 
title={Effects of fluid-dynamical stirring and mixing
on the deactivation of stratospheric chlorine}, 
author={Tan,DG and Haynes,PH and MacKenzie,AR and Pyle,JA}, 
year={1998},
journal=jgr, 
volume={103},
pages={1585-1605}}

@article{tanaka:04, 
title={Eliassen-{P}alm flux diagnosis based on isentropic representation},
author={Tanaka,D and Iwasaki,T and Uno,S and Ujiie,M and Miyazaki,K}, 
year={2004},
journal=jas, 
volume={61},
pages={2370-2383}}

@article{taylor:82, 
title={Puff growth in an {E}kman layer},
author={Taylor,AD},
year={1982},
journal=jas,
volume={39},
pages={837-850}}

@article{taylor:15, 
title={Eddy motion in the atmosphere},
author={Taylor,GI},
year={1915},
journal={Phil. Trans. Soc. Lond.}, 
volume={A215},
pages={1-23}}

@article{taylor:09, 
title={On the equilibration of a symmetrically unstable front via a secondary shear instability},
author={Taylor,JR and Ferrari,R},
year={2009},
journal=jfm, 
volume={622},
pages={103-113}}

@article{teixera:04, 
title={An analytical model of mountain wave drag for wind profiles with
shear and curvature},
author={Teixera,MAC and Miranda,PMA and Valente,MA},
year={2004},
journal=jas, 
volume={61},
pages={1040-1054}}

@article{thomson:90,
title={A stochastic model for the motion of particle pairs in isotropic
high-{R}eynolds-number turbulence, and its application to the problem
of concentration variance},
author={Thomson,DJ},
year={1990},
journal=jfm, 
volume={210},
pages={113-153}}

@article{thompson:00, 
title={Subsonic assessment ozone and nitrogen oxide experiment ({SONEX})
and pollution from aircraft emissions in the {N}orth {A}tlantic flight
corridor ({POLINAT} 2)},
author={Thompson,AM and Singh,HB and Schlager,H},
year={2000},
journal=jgr, 
volume={105(D3)},
pages={3595-3603}}

@phdthesis{thorn:phd,
title={Frontal cyclogenesis},
author={Thorncroft,CD},
year={1989},
school={Reading University}}

@article{thorncroft:90,
title={Frontal cyclogenesis},
author={Thorncroft,CD and Hoskins,BJ},
year={1990},
journal=jas,
volume={47},
pages={2317-2336}}

@article{THM,
title={Two Paradigms of Baroclinic Wave Life Cycle Behaviour},
author={Thorncroft,CD and Hoskins,BJ and McIntyre,ME},
year={1993},
journal=qj,
volume={119},
pages={17-55}}

@article{thorncroft:95,
title={An idealized study of {A}frican easterly waves. {III}: {M}ore realistic basic states},
author={Thorncroft,CD},
year={1995},
journal=qj,
volume={121},
pages={1589-1614}}

@article{thorncroft:08,
title={Three-dimensional structure and dynamics of {A}frican {E}asterly {W}aves. {P}art {III}: {G}enesis},
author={Thorncroft,CD and Hall, NMJ and Kiladis, GK},
year={2008},
journal=jas,
volume={65},
pages={3596-3607}}

@article{thorpe:clough,
title={Mesoscale dynamics of cold fronts: structures described by
		  dropsoundings in {FRONTS} 87},
author={Thorpe,AJ and Clough,SA},
year={1991},
journal=qj,
volume={117},
pages={903-941}}

@article{thuburn:93a,
title={Use of a flux-limited scheme for vertical advection in a
		  {GCM}}, 
author={Thuburn,J},
year={1993},
journal=qj,
volume={119},
pages={469-487}}

@article{thuburn:93b,
title={Baroclinic-wave life cycles, climate simulations and
		  cross-isentrope mass flow in a hybrid isentropic
		  coordinate {GCM}},
author={Thuburn,J},
year={1993},
journal=qj,
volume={119},
pages={489-508}}

@article{thuburn:95,
title={Dissipation and cascades to small scales in numerical models
		  using a shape-preserving advection scheme},
author={Thuburn,J},
year={1995},
journal=mwr,
volume={123},
pages={1888-1903}}

@article{thuburn:mci:97,
title={Numerical advection schemes, cross-isentropic random walks, and
		  correlations between chemical species},
author={Thuburn,J and McIntyre,ME},
year={1997},
journal=jgr,
volume={102(D6)},
pages={6775-6797}}

@article{thuburn:tan,
title={A parameterization of mixdown time for atmospheric chemicals},
author={Thuburn,J and Tan,D},
year={1997},
journal=jgr,
volume={102(D11)},
pages={13037-13050}}

@article{thuburn:lagneau,
title={Eulerian mean, contour integral and finite-amplitude wave activity
diagnostics applied to a single layer model of the winter stratosphere},
author={Thuburn,J and Lagneau,V},
year={1999},
journal=jas,
volume={56},
pages={689-710}}

@article{thuburn:08,
title={Some conservation issues for the dynamical cores of {NWP} and climate models},
author={Thuburn,J},
year={2008},
journal={J. Comput. Phys.},
volume={227},
pages={3715-3730}}

@article{tompkins:98,
title={Radiative-convective equilibrium in a 3-{D} cloud-ensemble model},
author={Tompkins,AM and Craig,GC},
year={1998},
journal=qj,
volume={124},
pages={2073-2097}}

@article{tompkins:05,
title={Influence of aerosol climatology on forecasts of the
{A}frican {E}asterly {J}et},
author={Tompkins,AM and Cardinali,C and Morcrette,JJ and Rodwell,M},
year={2005},
journal=grl,
volume={32},
pages={L10801, doi:10.1029/2004GL022189}}

@article{townsend:j:85,
title={A diagnostic study of the isentropic zonally averaged mass circulation
during the first {GARP} global experiment},
author={Townsend,RD and Johnson,DR},
year={1985},
journal=jas,
volume={42},
pages={1565-1579}}

@article{trenberth:olson,
title={An evaluation and inter-comparison of global analyses from the 
{N}ational {M}eteorological {C}enter and the {E}uropean {C}entre for
{M}edium {R}ange {W}eather {F}orecasts}, 
author={Trenberth,KE and Olson,JG},
year={1988},
journal=bams,
volume={69},
pages={1047-1057}}

@article{trenberth:01,
title={The atmospheric energy budget and implications for surface fluxes and ocean heat transports},
author={Trenberth,KE and Caron,JM and Stepaniak,DP},
year={2001},
journal={Climate Dynamics},
volume={17},
pages={259-276}}

@article{trenberth:c:01,
title={Estimates of meridional atmosphere and 
ocean heat transports},
author={Trenberth,KE and Caron,JM},
year={2001},
journal=jc,
volume={14},
pages={3433-3443}}

@article{trickl:03,
title={Intercontinental transport and its influence on the ozone 
concentrations over central {E}urope: {T}hree case studies},
author={Trickl,T and Cooper,OR and Eisele,H and James,P and M\"{u}cke,R
and Stohl,A},
year={2003},
journal=jgr,
volume={108(D12)},
pages={8530, doi:10.1029/2002JD002735}}

@article{troen:86,
title={A simple model of the atmospheric boundary layer: {S}ensitivity to surface evaporation},
author={Troen and Mahrt},
year={1986},
journal={Boundary Layer Meteorology},
volume={37},
pages={129-148}}

@article{tung:welch,
title={Remarks on {C}harney's note on geostrophic turbulence},
author={Tung,KK and Welch,WT},
year={2001},
journal=jas,
volume={58},
pages={2009-2012}}

@article{ulbrich:99,
title={A shift of the {NAO} and increasing storm track activity over
{E}urope due to anthropogenic greenhouse gas forcing},
author={Ulbrich,U and Christoph,M},
year={1999},
journal={Climate Dyn.},
volume={15},
pages={551-559}}

@article{ulbrich:01,
title={Three extreme storms over {E}urope in {D}ecember 1999},
author={Ulbrich,U and Fink,AH and Klawa,M and Pinto,JG},
year={2001},
journal={Weather},
volume={56},
pages={70-80}}

@article{val:06,
title={Observations of large enhancements of nitrogen oxides in the
{N}orth {A}tlantic lower troposphere resulting from boreal wildfires},
author={Val Martin,M},
year={2006},
journal=jgr,
volume={this volume},
pages={}}

@article{valdes:h:89,
title={Linear stationary wave simulations of the time-mean
		  climatological flow},
author={Valdes,P and Hoskins,BJ},
year={1989},
journal=jas,
volume={46},
pages={2509-2527}}

@article{vallis:96,
title={Potential vorticity inversion and balanced equations of motion for 
rotating and stratified flows},
author={Vallis,GK},
year={1996},
journal=qj,
volume={122},
pages={291-322}}

@article{vallis:97,
title={Balanced mesoscale motion and stratified turbulence forced by
		  convection}, 
author={Vallis,GK and Shutts,GJ and Gray,MEB},
year={1997},
journal=qj,
volume={123},
pages={1621-1652}}

@book{vallis:book,
title={Atmospheric and oceanic fluid dynamics},
author={Vallis,GK},
year={2006},
publisher={Cambridge University Press},
note={745pp}}

@article{varosi,
title={The spectrum of fractal dimensions of passively convected
		  scalar gradients in chaotic fluid flows},
author={Varosi,F and Antonsen,TM and Ott,E},
year={1991},
journal=physf,
volume={A3},
pages={1017-1028}}

@phdthesis{vass:phd,
title={Fractal and moving interfaces in turbulent flows},
author={Vassilicos,JC},
year={1990},
school={Cambridge University}}

@article{vass:fung:95,
title={The self-similar topology of passive interfaces advected by
		  2-{D} turbulent-like flows},
author={Vassilicos,JC and Fung,JCH},
year={1995},
journal=physf,
volume={7},
pages={1970-1998}}

@article{vass:hunt,
title={Fractal dimensions and spectra of interfaces with application
		  to turbulence},
author={Vassilicos,JC and Hunt,JCR},
year={1991},
journal=rsl,
volume={435},
pages={505-534}}

@article{vitart:07,
title={Monthly Forecasting of the {M}adden-{J}ulian {O}scillation using a coupled {GCM}},
author={Vitart,F and Woolnough,SJ and Balmaseda,MA and Tompkins,AM},
year={2007},
journal=mwr,
volume={135},
pages={2700-2715}}

@article{vomel:95,
title={New evidence for the stratospheric dehydration mechanism in the 
equatorial {P}acific},
author={V\"{o}mel,H and Oltmans,SJ and Kley,D and Crutzen,PJ},
year={1995},
journal=grl,
volume={22},
pages={3235-3238}}

@article{wakimoto:11,
title={The {L}a{G}range tornado during {VORTEX2}: {P}art {I}: {P}hotogrammetric analysis of the tornado combined with single-{D}oppler radar data},
author={Wakimoto,RM and Atkins,NT and Wurman,J},
year={2011},
journal=mwr,
volume={},
pages={}}

@article{wallace:g:81,
title={Teleconnections in the geopotential height field during {N}orthern {H}emisphere winter},
author={Wallace,JM and Gutzler,D},
year={1981},
journal=mwr,
volume={109},
pages={784-812}}

@book{wallace:hobbs,
title={Atmospheric Science: {A}n introductory survey},
author={Wallace,JM and Hobbs,PV},
year={2006},
publisher={Academic Press},
note={483pp}}

@article{walton:88,
title={A  global-scale {L}agrangian trace species model of transport, transformation and removal processes},
author={Walton,JJ and MacCracken,MC and Ghan,SJ},
year={1988},
journal=jgr,
volume={93(D7)},
pages={8339-8354}}

@article{wang:fyfe:00,
title={Onset of edge wave breaking in an idealized model of the polar 
stratospheric vortex},
author={Wang,X and Fyfe,J},
year={2000},
journal=jas,
volume={57},
pages={956-966}}

@article{warn:warn,
title={The evolution of a nonlinear critical level},
author={Warn,T and Warn,H},
year={1978},
journal={Stud. App. Math.},
volume={59},
pages={37-71}}

@article{washington:06,
title={African climate change: {T}aking the shorter route},
author={Washington,R and Harrison,M and Conway,D and Black,E and Challinor,A and Grimes,D and Jones,R and Morse,A and Kay,G and Todd, M},
year={2006},
journal=bams,
volume={87},
pages={1355-1366}}

@article{waugh:drit,
title={The stability of filamentary vorticity in 2-{D} geophysical
		  vortex dynamics models},
author={Waugh,DW and Dritschel,DG},
year={1991},
journal=jfm,
volume={231},
pages={575-598}}

@article{waugh:p,
title={Contour Advection with Surgery: {A} Technique for Investigating
		  Finescale Structure in Tracer Transport},
author={Waugh,DW and Plumb,RA},
year={1994},
journal=jas,
volume={51},
pages={530-540}}

@article{waugh:p:p,
title={Nonlinear, barotropic response to a localized topographic forcing:
{F}ormation of a "tropical surf zone" and its effect on interhemispheric
propagation},
author={Waugh,DW and Polvani,LM and Plumb,RA},
year={1994},
journal=jas,
volume={51},
pages={1401-1416}}

@article{waugh:94,
title={Transport out of the lower stratospheric {A}rctic vortex by
		  {R}ossby wave breaking},
author={Waugh,DW and Plumb,RA and Atkinson,RJ and Schoeberl,MR
		  and Lait,LR and Newman,PA and Loewenstein,M and
		  Toohey,DW and Avallone,LM and Webster,CR and
		  May,RD}, 
year={1994},
journal=jgr,
volume={99(D1)},
pages={1071-1088}}

@article{waugh:p:00,
title={Climatology of intrusions into the tropical upper troposphere},
author={Waugh,DW and Polvani,LM},
year={2000},
journal=grl,
volume={27},
pages={3857-3860}}

@article{waugh:f:03,
title={Intrusions into the tropical upper troposphere: {T}hree-dimensional 
structure and accompanying ozone and {OLR} distributions},
author={Waugh,DW and Funatsu,BM},
year={2003},
journal=jas,
volume={60},
pages={637-653}}

@article{webster:99,
title={Further development of a hybrid-isentropic {GCM}},
author={Webster,S and Thuburn,J and Hoskins,B abd Rodwell,M},
year={1999},
journal=qj,
volume={125},
pages={2305-2331}}

@article{wedi:10,
title={Direct numerical simulation of the {P}lumb-{M}c{E}wan laboratory analogue of the {QBO}},
author={Wedi,NP and Smolarkiewicz,PK},
year={2010},
journal=jas,
volume={},
pages={}}

@article{weller:08,
title={Towards a polyhedral model of the global atmosphere: {S}hallow water test cases},
author={Weller,H and Weller,H and Fournier,A},
year={2008},
journal={J. Comput. Phys.},
volume={},
pages={}}

@article{wernli:d:97,
title={A {L}agrangian based analysis of extratropical cyclones. {I}:
		  {T}he method and some applications},
author={Wernli,H and Davies,HC},
year={1997},
journal=qj,
volume={123},
pages={467-489}}

@article{wernli:f:l,
title={The effect of barotropic shear on upper-level induced cyclogenesis:
      {S}emigeostrophic and primitive equation numerical simulations},
author={Wernli,H and Fehlmann,R and L\"{u}thi,D},
year={1998},
journal=jas,
volume={55},
pages={2080-2094}}

@article{wernli:02,
title={A {L}agrangian "1-year climatology" of (deep) cross-tropopause exchange
in the extratropical {N}orthern {H}emisphere},
author={Wernli,H and Bourqui,M},
year={2002},
journal=jgr,
volume={107(D2)},
pages={10.1029/2001JD000812}}

@article{whalley:06,
title={Ozone       
Production Efficiency of an Anthropogenic and Biomass Burning Plume:  
{R}esults from the 2004 {ICARTT} Campaign},
author={Whalley,LK and Evans,MJ and Arnold,SR and Pilling,MJ},
year={2006},
journal=jgr,
volume={this volume},
pages={}}

@article{wheeler:00, 
title={Large-scale dynamical fields associated with convectively coupled equatorial waves},
author={Wheeler,M and Kiladis,GN and Webster,P},
year={2000}, 
journal=jas, 
volume={57}, 
pages={613-640}}

@article{whitaker:s:98, 
title={A linear theory of extratropical synoptic eddy statistics},
author={Whitaker,JS and Sardeshmukh,PD},
year={1998}, 
journal=jas, 
volume={55}, 
pages={237-258}}

@article{white:05, 
title={Consistent approximate models of the global atmosphere:
shallow, deep, hydrostatic, quasi-hydrostatic and non-hydrostatic},
author={White,AA and Hoskins,BJ and Roulstone,I and Staniforth,A},
year={2005}, 
journal=qj, 
volume={submitted}, 
pages={}}

@article{wild:96, 
title={Photochemical trajectory modeling studies of the {N}orth 
{A}tlantic region during {A}ugust 1993},
author={Wild,O and Law,KS and McKenna,DS and Bandy,BJ and Penkett,SA 
and Pyle,JA}, 
year={1996}, 
journal=jgr, 
volume={101}, 
pages={29,269-29,288}}

@article{wild:p:00, 
title={Excitation of the primary tropospheric chemical mode in a global three-dimensional model},
author={Wild,O and Prather,MJ}, 
year={2000}, 
journal=jgr, 
volume={105(D20)}, 
pages={24647-24660}}

@article{willcocks:11, 
title={Nonlinear baroclinic equilibration in the presence of {E}kman friction},
author={Willcocks,BT and Esler,JG}, 
year={2011}, 
journal=jpo, 
volume={42}, 
pages={225-242}}

@article{wonhas:v:01,
title={Mixing and geometry of advected, chemically reactive scalar fields:
{A}pplication to chlorine deactivation over the mid-northern latitudes},
author={Wonhas,A and Vassilicos,JC},
year={2001}, 
journal={?}, 
volume={}, 
pages={}}

@article{wood:00,
title={Boundary layer and aerosol evolution during the 3rd {L}agrangian experiment of {ACE}-2},
author={Wood,R and Johnson,DG and Osborne,S and Andreae,MO and Bandy,B and Bates,TS and O'Dowd,C and Glantz,P and Noone,K and Quinn,PK and Rudolph,J and Suhre,K},
year={2000},
journal=tel,
volume={52B},
pages={401-422}}

@article{woodman,
title={Evaluation of effective eddy diffusion coefficients using radar
		  observations of turbulence in the stratosphere},
author={Woodman,RF and Rastogi,PK},
year={1984},
journal=grl,
volume={11},
pages={243-246}}

@article{woolnough:00,
title={The relationship between convection and sea surface temperature on intraseasonal timescales},
author={Woolnough,SJ and Slingo,JM and Hoskins,BJ},
year={2000},
journal=jc,
volume={13},
pages={2086-2104}}

@article{wyatt:81,
title={Linear and nonlinear baroclinic instability of the {N}orthern 
{H}emisphere winter zonal flow},
author={Wyatt,LR},
year={1981},
journal=jas,
volume={38},
pages={2121-2129}}

@article{xu:85,
title={The nature of symmetric instability and its similarity to convective and inertial instability},
author={Xu,Q and Clark,JHE},
year={1985},
journal=jas,
volume={42},
pages={2880-2883}}

@article{xu:89,
title={Frontal circulations in the presence of small viscous moist symmetric stability and weak forcing},
author={Xu,Q},
year={1989},
journal=qj,
volume={115},
pages={1325-1353}}

@article{yakubovich:12,
title={Non-steady columnar motions in rotating stratified {B}oussinesq fluids: exact {L}agrangian and {E}ulerian description},
author={Yakubovich,EI and Shrira,V},
year={2012},
journal=jfm,
volume={691},
pages={417-439}}

@article{yamazaki:01,
title={The existence of subsynoptic-scale baroclinic instability and the
nonlinear evolution of shallow disturbances},
author={Yamazaki,YH and Peltier,WR},
year={2001},
journal=jas,
volume={58},
pages={657-683}}

@article{yang:03,
title={Convectively coupled equatorial waves: {A} new methodology for identifying wave structures in observational data},
author={Yang,G-Y and Hoskins,BJ and Slingo,JM},
year={2003},
journal=jas,
volume={60},
pages={1637-1654}}

@article{yang:07a,
title={Convectively
coupled equatorial waves. {P}art {I}: {H}orizontal and vertical
structures},
author={Yang,G-Y and Hoskins,BJ and Slingo,JM},
year={2007},
journal=jas,
volume={64},
pages={3406-3423}}

@article{yang:07b,
title={Convectively
coupled equatorial waves. {P}art {II}: {P}ropagation
characteristics},
author={Yang,G-Y and Hoskins,BJ and Slingo,JM},
year={2007},
journal=jas,
volume={64},
pages={3424-3437}}

@article{yang:07c,
title={Convectively
coupled equatorial waves. {P}art {III}: {S}ynthesis structures and their
forcing and evolution},
author={Yang,G-Y and Hoskins,BJ and Slingo,JM},
year={2007},
journal=jas,
volume={64},
pages={3438-3451}}

@article{yang:09,
title={Convectively coupled equatorial waves in high-resolution {H}adley {C}entre climate models},
author={Yang,G-Y and Slingo,JM and Hoskins,BJ},
year={2009},
journal=jc,
volume={22},
pages={1897-1919}}

@article{yoden:85a,
title={Bifurcation properties of a quasi-geostrophic, barotropic, low-order model with topography},
author={Yoden,S},
year={1985},
journal=japsoc,
volume={63},
pages={535-546}}

@article{yoden:85b,
title={Multiple stable states of quasi-geostrophic barotropic flow over sinusoidal topography},
author={Yoden,S},
year={1985},
journal=japsoc,
volume={63},
pages={1031-1045}}

@article{yoneyama:p,
title={A proposed mechanism for the intrusion of dry air into the 
tropical western {P}acific region},
author={Yoneyama,K and Parsons,DB},
year={1999},
journal=jas,
volume={56},
pages={1524-1546}}

@article{z:h:r,
title={Contour dynamics for the {E}uler equations in two dimensions},
author={Zabusky,NJ and Hughes,MH and Roberts,KV},
year={1979},
journal={J.Comput.Phys.},
volume={30},
pages={96-106}}

@article{zadra:02,
title={An empirical normal mode diagnostic algorithm applied to
{NCEP} {R}e-analyses},
author={Zadra,A and Brunet,G and Derome,J},
year={2002},
journal=jas,
volume={59},
pages={2811-2829}}

@article{zappa:11,
title={Baroclinic stationary waves in aquaplanet models},
author={Zappa,G and Lucarini,V and Navarra,A},
year={2011},
journal=jas,
volume={68},
pages={1023-1040}}

@article{zeitlin:08,
title={Decoupling of balanced and unbalanced motions and inertia-gravity wave emission: {S}mall versus large {R}ossby numbers},
author={Zeitlin,V},
year={2008},
journal=jas,
volume={65},
pages={3528-3542}}

@article{zhu:00,
title={Factors controlling upper-tropospheric water vapor},
author={Zhu,Y and Newell,RE and Read,WG},
year={2000},
journal=jc,
volume={13},
pages={836-848}}

@article{zurita:01,
title={The equilibration of short {C}harney waves: {I}mplications for
{PV} homogenization in the extratropical troposphere},
author={Zurita,P and Lindzen,RS},
year={2001},
journal=jas,
volume={58},
pages={3443-3462}}

@book{num:res,
title={Numerical Recipes: The Art of Scientific Computing},
author={Press,WH and Flannery,BP and Teukolsky,SA and Vetterling,WT}, 
year={1992},
publisher={Cambridge Univ. Press, New York},
note={702 pp}}